2967 4875
226 378 272 454 20
595 388 778 448 conuncrr
792 389 963 444 ,aaronis
1072 353 1074 356 ⁵

227 538 373 628 menime
387 536 440 604 iris
454 534 673 604 Praefutionis
683 554 755 602 snae
772 535 901 604 verbis:
932 533 1029 600 ‘Sed
1046 534 1143 618 plara
1156 534 1327 620 persequi,

228 649 297 707 tum
319 638 510 724 magnitudo
536 637 715 704 voluminis
737 638 900 721 prohibet,
924 643 994 704 tum
1015 636 1197 716 festinatio,
1219 645 1260 704 ut
1286 657 1327 708 ea

228 745 395 829 explicem
410 763 487 828 quae
503 759 648 808 exorsus
662 739 758 812 sum?
778 797 782 804 .

271 845 370 912 Adde
398 850 431 910 et
451 847 517 910 ista
538 863 615 928 quus
647 842 822 927 Pelopidae
846 844 925 910 vitae
951 844 1047 910 initio
1075 845 1127 910 sic
1155 845 1325 928 leguntur:

227 949 356 1035 ‘Cujus
367 949 409 1013 de
420 949 595 1036 virtutibus
606 948 721 1016 dubito
731 947 1015 1030 quemadmodum
1026 967 1211 1032 exponam:
1234 944 1328 1031 quod

229 1071 353 1131 vereor,
366 1052 395 1116 si
410 1071 462 1115 res
477 1051 646 1134 explicere
667 1048 841 1132 incipiam,
863 1069 930 1113 non
943 1051 1048 1116 vitem
1068 1051 1141 1134 ejus
1162 1068 1327 1125 enarrare,

228 1156 287 1220 sed
301 1154 472 1220 historiam
487 1153 602 1218 videar
616 1152 789 1217 scribere:⁹
823 1161 916 1218 etex
943 1153 1196 1237 Epaminonda:
1220 1150 1327 1215 ‘Plu-

227 1260 313 1323 rima
326 1257 460 1342 quidem
474 1257 618 1340 proferre
632 1276 821 1340 possemus,
837 1258 896 1322 sed
910 1258 1034 1326 modus
1047 1253 1251 1321 adhibendus
1264 1259 1326 1331 cst,

226 1362 385 1445 quoniam
410 1381 476 1425 uno
502 1360 566 1440 hoc
593 1360 758 1426 volumine
787 1361 891 1426 vitam
920 1358 1153 1425 excellentium
1183 1357 1327 1423 virorum
1393 1428 1407 1442 ,

226 1465 448 1549 complurium
465 1463 664 1532 concludere
688 1462 942 1530 consumimus!
986 1461 1074 1541 Quae
1090 1460 1226 1546 quidem
1241 1458 1328 1524 indi*

227 1572 318 1645 eant,
334 1569 448 1633 omniu
462 1567 675 1650 complexum
690 1565 797 1634 fnisse
811 1585 854 1630 ea
865 1566 1035 1643 brevitate,
1049 1565 1133 1630 utin
1147 1563 1327 1648 Epitomen

227 1669 330 1753 redigi
344 1670 479 1734 minime
493 1688 582 1754 opus
593 1668 701 1734 fuerit.

271 1774 324 1837 De
346 1774 473 1854 origine
496 1791 588 1849 vero,
611 1789 670 1836 seu
693 1771 808 1838 Patria
830 1771 923 1854 ejus3
945 1771 1058 1854 ipsum
1073 1768 1161 1834 Padi
1176 1769 1328 1835 accolam

226 1871 366 1941 testatur
389 1875 478 1940 Plin.
504 1876 561 1950 lib,
585 1891 642 1940 111.
665 1874 719 1940 18.
742 1875 794 1938 his
816 1874 942 1939 verbis:
981 1877 991 1906 ‘
1014 1874 1180 1938 contrario
1209 1889 1328 1936 eorum

222 1997 391 2064 percussu
404 1978 488 2042 mari
500 1977 674 2061 interjecto
696 1976 923 2052 dulcescente‚
939 1975 1089 2059 plerique
1102 1973 1215 2038 dixere
1227 1973 1327 2049 falso,

226 2086 262 2144 et
284 2079 402 2163 Nepos
425 2077 599 2146 Cornelius
621 2080 709 2146 Pedi
735 2077 874 2146 accola!
919 2077 1018 2169 Unde
1046 2077 1198 2142 Catullus
1221 2074 1328 2139 Vero·
1465 2119 1469 2126 ,

226 2183 343 2248 nensis
358 2182 479 2262 Poiita,
495 2183 540 2248 ed
560 2184 684 2266 ipsum,
706 2187 866 2266 tanquam
889 2181 932 2245 ad
954 2182 1062 2246 civem
1085 2199 1182 2244 suum
1204 2179 1328 2244 vimm-

228 2306 295 2371 que
312 2286 486 2362 illustrem,
503 2306 589 2369 opus
604 2305 703 2350 suum
718 2287 864 2362 mittens,
879 2284 1001 2352 ltelum
1015 2287 1115 2349 vocat
1128 2282 1229 2368 Epig.
1246 2298 1271 2346 ι.

313 2392 323 2420 ‘
338 2386 404 2453 Cui
419 2387 506 2453 dono
520 2387 672 2471 lepidum
687 2406 811 2452 novum
826 2385 1003 2467 Libellum,

219 2560 223 2563 ,
313 2488 420 2555 Arida
432 2491 532 2554 modo
547 2490 680 2573 pumice
696 2488 904 2572 expolitum?

313 2589 458 2669 Comeli,
481 2593 560 2670 tibi3
583 2611 727 2674 namque
743 2598 779 2654 tu
794 2590 927 2655 solebas

315 2694 414 2760 Meas
428 2713 503 2758 esse
519 2692 646 2779 aliquid
662 2699 784 2775 putare
799 2710 916 2774 nugas·

313 2794 337 2860 J
339 2814 393 2859 am
405 2800 488 2872 tum,
504 2814 581 2858 cum
594 2813 698 2859 ausus
714 2814 752 2857 es
766 2813 855 2859 unus
870 2793 1032 2860 Italorum

315 2896 424 2963 Omne
439 2916 550 2963 sevum
566 2896 671 2961 tribus
687 2895 861 2980 explicere
877 2897 1010 2975 charus,

315 2999 450 3076 Bootis,
465 2996 616 3082 Jupiter!
638 2998 884 3075 etlabcriosis:
898 3001 960 3064 tre.

229 3103 293 3169 Cui
321 3107 433 3171 temen
462 3102 613 3187 opinioni
641 3100 815 3167 Ausonius
845 3101 965 3167 Letirm
995 3100 1125 3167 Pacato
1156 3058 1330 3185 Drepane

230 3205 390 3283 scribens,
403 3204 456 3269 his
471 3205 582 3269 verbis
609 3202 767 3286 refragari
792 3204 934 3282 videtur,
948 3202 1072 3287 quibus
1094 3204 1140 3272 ad
1155 3204 1330 3290 superiore

229 3305 355 3374 catulli
371 3306 475 3372 verbe
489 3306 627 3373 alludit:

315 3414 326 3447 ‘
341 3408 406 3474 Cui
420 3410 507 3474 douo
521 3408 669 3494 lepidum
684 3429 810 3474 novum
825 3409 1016 3476 Libellnml

313 3513 516 3580 Veronensis
532 3515 584 3579 uit
597 3513 707 3579 Poeta
722 3514 903 3597 quondam,

223 3604 225 3609 ’
316 3616 525 3700 inventoque
539 3615 634 3682 dedit
646 3616 756 3680 statim
772 3614 909 3702 Nepoti.

315 3715 363 3785 At
374 3739 436 3783 nos
451 3719 624 3803 illepidum
639 3717 754 3781 rudem
769 3716 948 3796 Libellum,

315 3821 451 3899 Burras,
467 3820 675 3905 quisquilias,
690 3821 900 3904 ineptiasque

317 3922 501 3989 credemus
515 3924 640 4006 gremio
655 3924 711 3987 cui
726 3923 930 3990 fovendum?

241 4076 246 4087 .
317 4026 436 4093 Inveni
451 4025 608 4111 (trepidae
623 4026 718 4091 silete
733 4022 848 4109 nugae)

320 4130 354 4198 N
355 4150 395 4195 ec
408 4128 544 4195 doctum
557 4130 677 4205 minus,
692 4135 730 4192 ot
742 4128 850 4208 magis
863 4126 1043 4209 benignum

233 4316 238 4323 ι
319 4230 546 4321 Quamquern
563 4230 682 4299 Gallie
695 4229 842 4317 praebuit
856 4227 1009 4305 Catullo?
