2967 4875
261 370 327 436 746
565 352 762 431 nncndsus
786 381 954 431 conrcon
982 383 1060 433 uss.

305 530 343 596 G.
361 528 504 614 Nepotis
520 529 675 595 Historia
691 527 849 593 Virorum
866 526 1062 609 Illustrium,
1076 529 1175 595 9598.

304 636 394 701 Inter
421 631 520 701 codd.
544 631 686 699 Ceutab.
708 632 743 696 in
761 629 923 696 Biblioth.
949 630 1094 699 Publica
1112 633 1300 701 collocetur
1327 634 1366 702 G.

262 737 410 823 Nepotis
432 739 536 804 editio
563 736 676 801 Oxou.
702 737 800 802 1697.
824 755 901 800 cum
927 737 1048 820 paucis
1074 739 1366 819 annotationibus,

260 845 315 908 vel
339 844 455 929 potius
469 842 574 909 variis
600 841 805 931 lectionibus
821 840 863 905 cl.
877 839 912 905 J.
926 840 1063 925 Taylor.
1109 841 1200 908 Haeo
1216 842 1369 922 collatio,

255 952 297 1011 nt
310 952 448 1031 apparet
472 966 517 1012 ex
539 947 603 1012 hac
629 947 744 1011 uetula
770 965 872 1009 mauu
887 945 922 1011 J.
937 944 1063 1031 Taylor
1088 948 1231 1030 scripta,
1258 946 1369 1011 codici

262 1049 301 1115 C.
328 1050 475 1136 Nepotis
503 1053 536 1116 in
565 1048 726 1116 Biblioth.
759 1049 905 1115 Publica
934 1047 1077 1115 cantab.
1104 1049 1276 1116 referenda
1298 1057 1368 1116 est:

262 1157 273 1186 ‘
289 1151 372 1218 Cod.
385 1153 453 1219 Ms.
470 1153 577 1221 Acad.
592 1153 736 1220 Cantab.
752 1172 869 1218 recens
884 1154 1043 1237 scriptus.
1088 1152 1150 1219 Isti
1165 1150 1367 1219 Academiae

261 1253 406 1324 donabat
420 1256 559 1323 Hacket
575 1255 789 1342 Episcopus!

305 1360 346 1426 In
368 1358 522 1426 Biblioth.
550 1358 638 1425 Tria.
663 1358 745 1427 Coll.
769 1369 823 1425 cst
845 1360 921 1427 cod.
945 1358 985 1426 C.
1012 1360 1157 1444 Nepotis
1181 1361 1365 1424 membran.

261 1464 364 1531 nitide
379 1467 536 1550 scriptus,
560 1466 633 1531 siue
654 1465 761 1543 notis,
777 1465 910 1530 circiter
927 1480 1009 1529 xlv.
1026 1483 1108 1528 saec.
1150 1463 1284 1547 Incipit
1298 1462 1369 1528 seli·

262 1567 344 1633 citer
356 1567 439 1633 Vite
455 1567 644 1635 Miltiadis:
661 1569 845 1654 praefigitur
860 1567 992 1633 AEmilii
1003 1566 1108 1632 Probi
1122 1567 1185 1632 lib.
1196 1566 1242 1632 de
1258 1567 1369 1634 excel·
1478 1592 1479 1609 ¹

261 1671 410 1736 lentibus
426 1676 619 1739 exterarum
633 1673 802 1737 nationum
818 1670 921 1737 Viris.

305 1775 395 1841 Heec
419 1775 579 1842 Biblioth.
603 1777 708 1843 alium
731 1776 834 1841 etiam
857 1775 1007 1841 codicem
1034 1772 1182 1858 Nepotis
1208 1775 1369 1854 continet,

262 1900 340 1947 suec.
374 1896 455 1945 xiv.
478 1881 535 1948 vel
561 1897 626 1949 xv.
652 1881 833 1946 membran.
857 1879 950 1958 θνα,
975 1879 1033 1945 oui
1054 1879 1157 1944 etiam
1180 1877 1371 1962 praefigitur

262 1984 393 2052 AEmilii
418 1985 522 2052 Probi
550 1986 610 2052 lib.
639 1985 682 2051 de
707 1983 951 2051 excellentibus
976 1990 1168 2050 exterarum
1194 1984 1369 2047 nationum

262 2086 368 2154 Viris.
645 2143 647 2146 Α

307 2189 410 2270 Quod
426 2191 470 2258 ad
486 2191 658 2257 AEmilium
672 2189 823 2256 Probum
837 2190 993 2276 pertinet,
1017 2209 1116 2275 quem
1132 2190 1236 2274 quasi
1253 2187 1368 2254 condi·

262 2296 364 2362 torem
379 2297 495 2363 harum
516 2294 672 2362 Vitamm
695 2295 835 2361 codices
852 2295 1039 2373 memorati,
1062 2303 1099 2359 et
1120 2294 1193 2372 alii,
1219 2292 1368 2369 meunt,

262 2400 349 2466 bene
363 2404 477 2466 uotum
492 2408 560 2480 est,
575 2401 679 2468 etrix
692 2401 748 2467 hic
763 2398 989 2485 repetendum,
1004 2417 1079 2464 eum
1095 2396 1158 2462 sub
1171 2396 1369 2462 Theodosio

264 2502 469 2594 Imperatore
489 2505 638 2587 vixisse3
660 2505 716 2571 cui
741 2506 863 2571 librum
890 2502 1037 2590 Nepotis
1057 2501 1204 2566 multum
1227 2521 1370 2567 exorm-

263 2613 335 2673 tum
357 2608 445 2674 dono
470 2609 561 2674 misit
577 2607 735 2674 AEmilins
750 2608 893 2686 Probus,
919 2613 956 2672 ut
977 2607 1084 2690 liquet
1098 2624 1118 2669 e
1133 2605 1292 2670 versibus
1314 2621 1371 2670 ttu-

263 2711 358 2795 tiquo
372 2710 482 2777 codici
497 2710 661 2796 praefixis.
705 2709 795 2776 Vide
809 2730 922 2795 supra,
937 2731 971 2795 p.
986 2709 1041 2776 19.

649 2959 775 3036 Codices
794 2969 992 3036 Osouieuses.

308 3115 504 3187 Bibliotheca
537 3118 712 3189 Bodleiano
739 3126 892 3191 continet
921 3125 1005 3189 iuter
1034 3122 1146 3188 Laudi
1173 3127 1208 3187 et
1235 3121 1370 3188 Scldeui

264 3221 349 3289 Mss.
375 3226 461 3291 duos
487 3227 624 3293 codices
649 3230 709 3314 qui
738 3232 823 3295 iuter
849 3230 919 3295 alia
941 3228 1207 3312 complectuntur
1235 3224 1370 3290 Daretis

264 3326 399 3414 Phrygii
414 3329 505 3395 Hist.
521 3329 658 3397 Excidii
671 3331 797 3419 Trojoe,
815 3352 891 3398 oum
907 3330 1061 3416 Epistola
1075 3328 1227 3394 Cornelii
1243 3329 1290 3394 ad
1302 3327 1370 3393 Sal·

263 3431 412 3512 hstium,
427 3433 516 3500 falso
532 3441 645 3501 nostro
662 3435 820 3502 Cornelio
837 3436 968 3522 Nepoti
981 3435 1137 3519 ascripta.

310 3533 463 3603 Cenonici
489 3536 828 3608 Louloumnenos
853 3538 892 3620 C.
916 3539 1064 3624 Nepotis
1079 3538 1193 3616 Vites,
1208 3539 1272 3602 &c
1298 3532 1366 3600 ood-

263 3638 412 3708 chartac.
429 3659 495 3710 xv,
511 3646 563 3710 vel
585 3661 668 3711 xri.
686 3666 766 3712 saec.
793 3665 870 3710 cum
886 3645 990 3709 variis
1013 3642 1211 3708 lectionibus
1239 3647 1274 3705 et
1287 3656 1366 3703 mar·
1481 3673 1482 3704 l

263 3744 429 3823 ginalibus
441 3747 672 3830 iudicatoriis3
695 3750 874 3814 membran.
888 3747 991 3813 nitide
1006 3746 1173 3828 scriptus:
1197 3748 1244 3821 et,
1260 3744 1294 3806 ui
1307 3741 1364 3807 fal·

262 3844 369 3924 limnr,
385 3850 472 3916 alius
485 3859 538 3918 est
559 3855 645 3919 iuter
657 3852 787 3919 Canon.
804 3853 951 3918 chartac.
966 3850 1038 3915 siue
1051 3848 1156 3912 variis
1170 3846 1363 3911 lectionibus

264 3955 300 4014 et
314 3949 451 4032 glossis,
468 3975 547 4022 suec.
562 3956 725 4041 ejusdem.

307 4051 401 4119 luter
418 4051 658 4146 D’Orvilltanos
675 4058 771 4125 codd.
788 4057 873 4124 Mss.
885 4063 918 4125 et
930 4058 1080 4142 impress.
1096 4051 1296 4119 invenienda
1309 4057 1359 4124 ost,
1481 4117 1482 4120 ,

263 4156 333 4222 Νο.
350 4174 389 4224 x.
412 4160 442 4223 1.
457 4161 490 4225 6.
507 4162 559 4225 10.
582 4162 719 4228 collatio
742 4161 843 4226 Corn.
859 4160 1019 4246 Nepotis,
1044 4158 1066 4222 i.
1082 4178 1112 4223 e.
1136 4154 1241 4222 Prsef.
1258 4153 1358 4220 Timo·

263 4258 364 4328 leont.
390 4263 497 4348 Regg.
528 4263 677 4331 Humilc.
701 4264 854 4331 Hauuib.
880 4263 942 4348 Ep.
959 4262 1134 4329 Corneliae.
1195 4276 1198 4285 '
