2967 4875
443 377 510 428 M
528 375 721 426 connubio
741 371 910 422 NEPOTEs

301 523 481 591 credemus
497 523 623 605 gremio
638 522 690 587 cui
704 517 909 585 fouendum?

300 628 420 694 Inveni
433 625 591 711 trepide
604 617 828 705 silctenugse)
921 674 924 680 ,

301 730 377 796 Nec
392 730 529 794 doctum
543 729 665 804 minus,
681 732 715 790 et
729 725 834 805 magis
847 722 1027 804 benignum

303 831 416 911 Quum
432 851 530 917 quem
545 828 660 896 Gnlliu
674 827 818 914 praebuit
833 822 976 889 Catullo.

201 1017 313 1078 lDssM,
338 1015 528 1062 uuts‘rutn*
545 1013 624 1060 XVl.
648 1011 699 1060 An
724 1009 879 1059 PROBUM
905 1008 1018 1056 PRAEF.
1042 1008 1159 1057 l’liAE'l'.

167 1143 348 1229 Apologos
363 1142 498 1224 Titiani,
512 1150 547 1206 et
561 1139 708 1224 Nepotis
724 1138 893 1215 chronica,
917 1136 1014 1219 quasi
1036 1136 1122 1200 nlius
1149 1156 1229 1219 upo-

126 1248 221 1332 lugos
246 1243 339 1334 (num
362 1251 398 1309 et
419 1247 495 1331 ipse
508 1246 613 1309 instar
629 1237 932 1324 sunttnbularum),
957 1238 999 1304 nd
1024 1239 1230 1303 nobilitatem

126 1358 222 1415 tuam
247 1351 339 1428 misi,
369 1349 518 1434 gaudens
545 1355 646 1432 utque
672 1349 773 1411 etium
802 1345 960 1430 glorians,
989 1345 1062 1408 sore
1092 1323 1230 1427 aliquid,

126 1452 222 1537 quod
236 1453 282 1518 ed
295 1453 538 1518 iustitutionem
552 1457 681 1516 tuorum
702 1449 890 1514 sedulitatis
911 1468 995 1513 mese
1023 1446 1136 1512 studio
1155 1464 1232 1509 con-

126 1555 262 1621 feratur.

216 1741 418 1808 JUDlCIA
440 1738 799 1809 RECENTIORUM
822 1732 1151 1803 SCRIPTORUM.

449 1911 671 1960 ONUPHRIUS
695 1906 918 1967 PANVlNlUS,

168 2011 337 2133 Camlopu
348 2049 528 2115 illustrium
543 2047 655 2130 script.
670 2041 928 2118 veronensium,
943 2038 965 2103 l.
982 2053 1031 2100 vr.
1047 2034 1201 2118 antiquit

174 2200 460 2267 Constantissimo
484 2200 628 2266 civitatis
652 2204 775 2263 nostrae
805 2191 994 2261 testimonio
1023 2187 1061 2252 C.
1087 2186 1235 2250 Connu-

131 2322 230 2370 Lturu
255 2303 458 2381 Nuuouuur,
476 2305 587 2367 virum
609 2300 854 2373 doctissimum,
870 2299 903 2357 et
916 2291 1150 2374 antiquitatum
1165 2306 1236 2351 om-

129 2410 222 2475 nium
248 2407 498 2493 peritissimum,
527 2404 758 2471 Veronensem
793 2397 909 2474 luisse,
938 2392 1087 2470 truditur,
1113 2391 1169 2455 cui
1199 2389 1236 2453 in

132 2533 266 2578 summa
287 2513 383 2577 curia
407 2528 485 2576 cum
508 2509 646 2594 reliquis
660 2503 910 2572 Veronensibus
935 2497 1120 2563 illustribus
1133 2493 1237 2557 etium

133 2623 250 2687 statua
276 2615 393 2700 positu
417 2620 468 2678 est
496 2634 541 2678 ex
560 2612 699 2697 publice
722 2606 928 2673 auctoritate.
987 2598 1075 2663 Eum
1090 2596 1237 2672 Plinius,

134 2719 228 2785 Hist.
244 2718 330 2784 Nat.
347 2735 402 2782 ιιι.
416 2718 469 2783 ls.
489 2716 577 2781 Padi
592 2713 746 2780 accolam
766 2713 879 2784 vocat,
902 2711 937 2770 et
958 2704 1039 2767 alibi
1056 2699 1182 2784 saepius
1197 2695 1239 2761 de

135 2842 175 2887 eo
189 2822 392 2887 mentionem
406 2820 499 2885 iacit.
552 2816 654 2882 Ortus
670 2812 832 2898 siquidem
849 2810 883 2871 in
898 2808 976 2877 ricc
992 2800 1239 2869 Veronensium

136 2924 302 3001 Hostilia,
319 2923 364 2987 erl
378 2921 467 2986 Pedi
483 2921 576 3004 ripas
592 2919 672 2994 sito,
687 2922 726 2980 ut
743 2913 882 2978 Tacitus
897 2910 1092 2982 auctorest,
1115 2903 1136 2986 l.
1153 2917 1238 2964 xrx.

6 3098 7 3111 χ
136 3026 284 3091 historiae
305 3022 482 3106 Augustus.
528 3021 613 3085 Pius
639 3036 773 3103 quoque
800 3014 898 3097 Pnpn
923 3009 971 3075 Il.
998 3009 1034 3071 iu
1058 3004 1154 3071 nsiae
1182 3004 1239 3069 de·

138 3129 325 3213 scriptione,
337 3146 413 3193 eum
422 3125 652 3188 Veronensem
664 3126 777 3204 aperte
791 3115 896 3180 tuisse
912 3111 1038 3177 scribit.
1083 3105 1137 3172 Ad
1152 3105 1240 3171 bunc

141 3231 293 3296 Catullus
310 3250 398 3314 opus
413 3247 509 3291 sunm
524 3224 627 3301 misit,
649 3231 811 3303 tunquam
834 3217 942 3281 civem
970 3230 1088 3277 suum:
1122 3207 1240 3287 ‘Quoi

63 3338 71 3349 '
140 3334 228 3400 donc
254 3334 404 3419 lepidum
426 3350 551 3395 novum
564 3326 716 3392 libellum
725 3322 752 3387 l’
784 3321 854 3387 Hic
870 3321 904 3383 in
919 3318 999 3382 urbe
1015 3312 1187 3378 Ciceronis
1208 3312 1242 3373 et
1288 3405 1290 3409 Ι

141 3437 287 3503 Caesaris
302 3444 450 3520 ternpore
464 3432 564 3510 vixit,
585 3429 801 3514 pervenitque
816 3442 921 3508 nsque
937 3420 978 3484 etl
994 3413 1138 3499 Augusti
1152 3410 1242 3496 prin·

141 3541 300 3625 cipetum.
346 3538 487 3620 Scripsit
501 3531 722 3598 disertissime
746 3526 960 3591 ‘lllustrium
973 3508 1243 3586 virorumvitus’
1337 3530 1347 3547 ·

143 3641 289 3722 Quarum
319 3646 448 3706 tantum
475 3634 656 3720 Pomponii
685 3631 791 3697 Attici
820 3633 928 3706 extat,
953 3645 1030 3711 quse
1060 3624 1245 3685 ceterarum

143 3745 236 3813 facile
251 3744 423 3832 specimen
436 3748 551 3830 potest
562 3737 719 3824 judicari.

464 3924 516 3991 M.
539 3921 651 3988 Anu.
674 3913 921 3993 MURETUS,

415 4094 487 4144 ult.
510 4090 577 4140 vll.
600 4089 688 4138 VAE.
712 4086 818 4134 Lucu.
842 4083 923 4132 GAP.
947 4078 973 4129 l.

187 4217 389 4303 Poruegm
410 4217 506 4295 extu
519 4210 649 4283 mmm
664 4172 838 4289 uonr'au
862 4202 903 4270 u.
920 4195 1142 4284 Pomponium
1157 4188 1247 4258 Atu-
