2967 4875
292 675 570 759 RECENSUS
604 674 864 751 CODICUM
897 676 1014 755 MSS·
1048 612 1054 635 Ι

414 921 649 991 CORNELII
673 921 880 1012 NEPOTIS

177 1146 243 1201 QUI
259 1145 301 1198 ΙΝ
318 1144 580 1198 BlBLIOTHECIS
599 1142 835 1197 nnlnnunlcts
853 1142 1118 1211 nssEuvnswn.

397 1638 521 1706 Codices
536 1642 568 1704 iu
585 1637 695 1705 Museo
712 1639 907 1703 Britannico.

142 1791 297 1859 Bibliotls.
325 1791 405 1882 lleg.
426 1797 449 1861 6
470 1795 499 1860 C
523 1812 606 1860 viu.
634 1816 712 1861 eum
741 1795 843 1861 Pauli
874 1794 988 1860 Orosii
1018 1795 1200 1878 Hisponici

97 1897 195 1962 Hist.
209 1898 353 1963 eontinet
366 1898 445 1985 (ert.
460 1896 510 1987 2.)
534 1899 670 1965 Daretis
684 1898 822 1983 Phrygii
836 1898 878 1963 de
894 1897 1037 1963 Excidio
1051 1898 1201 1982 Trojano

65 2046 68 2051 -
97 2001 297 2081 Bistonum,
330 2000 489 2068 Cornelio
516 2001 653 2085 Nepote
679 2002 865 2085 interprete.
893 2020 971 2067 saec.
997 2016 1085 2064 xus.
1132 2000 1200 2064 Hic

96 2104 211 2170 codex
233 2104 346 2171 forsan
370 2107 534 2190 pretiosus
548 2111 613 2183 ost,
639 2104 789 2189 eoquod
815 2104 914 2169 valde
941 2105 1118 2187 antiquus:
1139 2100 1201 2168 sed

95 2207 145 2272 nil
159 2227 330 2274 moremur
351 2210 510 2274 lectorem
531 2209 575 2273 de
598 2209 682 2273 libro
696 2209 756 2292 qui
781 2207 930 2273 Cornelii
952 2206 1057 2272 nostri
1081 2224 1201 2271 nomen

96 2316 228 2376 tuntum
242 2331 313 2396 pree
330 2331 368 2377 se
381 2311 457 2377 sert.

139 2414 238 2481 Idem
264 2415 444 2483 dicendum
468 2422 519 2482 est
541 2415 584 2481 de
609 2415 708 2481 codd.
732 2414 775 2480 10
795 2412 829 2479 Α
845 2430 883 2479 x.
899 2414 932 2480 6.
955 2413 998 2479 13
1015 2411 1046 2479 Α
1064 2430 1096 2475 ν.
1110 2414 1143 2479 4.
1165 2417 1202 2477 et

97 2519 141 2585 15
157 2517 192 2583 Α
208 2520 356 2585 xx11.2.

140 2622 186 2688 ln
200 2618 353 2688 Bibliotls.
366 2620 463 2686 Harl.
478 2622 546 2688 No.
561 2623 658 2689 2580.
671 2621 748 2688 cod.
760 2627 823 2698 est,
836 2623 1010 2687 continens
1023 2621 1110 2686 inter
1119 2620 1204 2684 mul·

98 2732 133 2792 te
148 2725 231 2807 ulie,
251 2726 327 2813 (ert
342 2724 392 2811 1.)
416 2724 563 2793 Cornelii
585 2727 732 2813 Nepotis
753 2726 871 2790 Vitem
887 2723 1067 2808 Pomponii
1082 2722 1203 2801 Attici,

97 2829 156 2896 sol.
173 2830 205 2895 2.
250 2830 417 2896 Praecedit
436 2831 553 2896 titulus
578 2850 641 2914 pro
668 2829 809 2894 AEmilio
836 2828 960 2906 Probo,
981 2834 1016 2893 et
1037 2846 1148 2910 peuce
1162 2825 1204 2890 de

99 2932 259 2998 Eumene.
304 2930 459 2999 Continet
473 2934 574 2999 etium
587 2931 667 3019 (ert.
687 2929 737 3017 2.)
751 2929 890 3002 Catonis
905 2931 1025 2996 Vitam
1038 2951 1083 2996 ex
1097 2930 1204 2994 AEmi·

96 3035 144 3103 lio
161 3035 288 3116 Probo,
311 3044 346 3103 et
368 3035 447 3123 (ert.
462 3035 513 3123 4.)
536 3036 711 3101 AEmilium
728 3034 876 3101 Probum
892 3034 935 3101 de
960 3034 1204 3100 excellentibus

100 3141 257 3207 Ducibus
271 3148 463 3208 exterarum
479 3142 640 3225 gentium.
665 3140 821 3219 Mutilus,
834 3140 959 3206 desinit
972 3139 1008 3203 in
1019 3139 1104 3204 Vite
1115 3138 1206 3223 Epe-

99 3245 280 3311 miuondae.
324 3244 408 3312 Cod.
423 3246 568 3312 chartac.
580 3247 663 3310 solie
678 3245 850 3310 continens
865 3244 941 3309 169.

144 3346 214 3413 No.
228 3350 305 3416 260.
327 3347 412 3415 eoo.
437 3350 581 3415 chartac.
605 3369 685 3415 saec.
703 3366 769 3413 xv.
788 3350 959 3415 continens
980 3346 1020 3411 G.
1036 3345 1204 3430 Nepotem

100 3449 144 3517 de
159 3451 399 3517 excellentibus
415 3450 563 3518 Greeeiae
579 3458 612 3517 et
625 3453 767 3517 aliemm
783 3452 927 3534 gentium
943 3450 1107 3515 Ducibus.

145 3554 189 3619 In
201 3552 368 3639 Getulogo
378 3553 465 3620 Mss.
476 3554 757 3639 indescriptorum
766 3555 800 3617 in
810 3552 932 3617 Museo
942 3551 1135 3616 Britannico
1149 3569 1206 3633 por

101 3655 300 3743 Ayscough,
324 3661 391 3726 vol.
408 3675 433 3723 1.
448 3680 482 3744 p.
496 3659 572 3724 346.
587 3667 640 3723 est
655 3657 731 3724 eod.
754 3658 857 3722 ebert.
874 3655 1020 3721 Cornelii
1044 3653 1205 3737 Nepotis,

102 3761 194 3827 circs
209 3781 290 3829 seen.
306 3779 371 3828 xv.
589 3743 595 3754 ’

445 4018 572 4086 Codices
592 4019 872 4107 Centobrigienses.

147 4169 190 4234 In
217 4166 411 4236 Bibliotheca
438 4169 574 4238 Publice
599 4175 755 4241 Univers.
790 4173 940 4240 Cornelii
966 4171 1109 4258 Nepotis
1125 4168 1206 4234 Vite

106 4272 286 4357 Pomponii
301 4271 418 4354 Attici,
434 4277 529 4343 1684.
552 4279 585 4344 8.

171 4392 259 4457 Delpi.
267 4399 292 4444 et
305 4394 361 4445 Ver.
371 4396 437 4448 ctas.
633 4399 695 4462 Nep.
1089 4397 1104 4440 3
1122 4393 1142 4440 C
