2967 4875
229 345 276 415 ὓ
310 325 313 330 ’
542 359 778 413 rrsrrrronrn
802 359 849 411 nr
871 359 1025 411 rnorem

231 527 310 576 cum
320 507 467 589 libellus,
483 525 553 594 quo
566 506 765 576 Graecorum
777 507 1016 593 imperatorum
1025 505 1105 572 rite
1118 495 1336 570 mundissime

232 630 274 678 cc
289 612 478 680 mussini»
493 612 654 679 cretionis
668 630 786 696 genere
800 610 1022 695 explicantur:
1048 613 1051 622 '

569 805 775 873 HIERON.
798 803 1000 885 MAGIUS,

424 977 498 1027 urs
521 977 573 1026 ιν.
598 975 966 1038 urscuuennscuuu,
989 974 1071 1023 cnr.
1091 957 1147 1022 15.

273 1109 424 1182 Joounes
438 1110 588 1177 Micheel
603 1112 741 1191 Brutus,
755 1112 878 1177 nobilis
900 1119 1024 1177 nostrae
1048 1110 1159 1177 etatis
1185 1109 1337 1177 Histori-

232 1236 310 1296 ωε,
333 1216 504 1284 mensibus
519 1216 758 1300 superioribus,
788 1235 863 1280 cum
876 1213 966 1300 opud
980 1213 1163 1280 Jordouum
1177 1214 1336 1293 Ziletum,

233 1320 474 1405 Bibliopolum,
488 1338 654 1397 essemus·
667 1338 719 1382 me
739 1320 1026 1404 percunctabatur,
1043 1336 1086 1381 en
1112 1317 1221 1383 adhuc
1237 1319 1337 1383 Busi-
1476 1311 1478 1372 ἶ

231 1423 297 1489 lem
311 1427 512 1488 cususesset
533 1421 687 1486 ‘AEmilii
704 1421 809 1485 Probi
835 1421 920 1485 liber
940 1420 985 1486 de
1005 1421 1077 1486 vito
1098 1421 1338 1486 excellentium

235 1522 495 1609 imperatorum,’
518 1543 619 1607 quem
642 1543 705 1608 ego
730 1543 775 1588 ex
797 1529 1001 1589 vetustorum
1013 1525 1254 1608 exemplarium
1268 1523 1339 1589 eol·

227 1623 357 1692 lotione
372 1646 394 1690 e
406 1623 538 1690 mendis
560 1644 628 1690 non
649 1625 770 1709 paucis
791 1628 977 1710 repurgari,
1002 1627 1339 1710 annouuouibusque
1479 1663 1480 1666 =

233 1729 328 1807 auxi,
344 1747 384 1793 oc
399 1748 461 1812 pro
478 1729 604 1793 viribus
620 1728 797 1794 illustravi.
843 1727 974 1794 Aderat
988 1727 1155 1793 Amoldus
1169 1725 1338 1807 Antonius,

233 1828 407 1916 Probique
423 1830 540 1895 audite
553 1833 730 1909 mentione,
755 1850 793 1897 se
815 1833 889 1917 ejus
911 1833 987 1897 libri
1012 1832 1142 1898 coloreo
1165 1836 1341 1895 excretum

234 1932 423 2017 exemplar,
450 1934 540 2016 quod
568 1932 728 2001 Ferrariae
758 1936 905 2012 emisset,
931 1934 1056 1999 babere
1083 1933 1179 1999 dixit.
1224 1931 1340 2017 Hujus

233 2034 367 2122 legendi
382 2056 458 2102 cum
473 2037 674 2101 incredibilis
688 2057 742 2102 me
758 2037 883 2122 cupido
898 2039 1089 2115 incesseret,
1117 2031 1274 2120 precibus
1296 2035 1341 2100 eb

234 2157 277 2203 eo
293 2139 458 2218 contendi,
474 2145 512 2204 ut
525 2139 599 2203 libri
624 2138 745 2204 saltem
769 2140 812 2202 ed
836 2138 937 2203 tridui
961 2144 1106 2223 tempus,
1121 2157 1191 2224 quo
1205 2155 1342 2222 percur-

233 2241 326 2308 rendi
340 2240 484 2307 facultas
497 2248 599 2320 esset,
612 2240 694 2306 milri
709 2241 848 2326 copiam
868 2240 1003 2307 fuceret.
1058 2239 1162 2304 Hunc
1185 2258 1263 2304 cum
1285 2238 1342 2303 illc

235 2340 279 2408 ud
304 2362 357 2407 me
382 2342 541 2421 misisset,
566 2342 665 2408 avide
689 2343 800 2426 legere
823 2342 927 2428 coepi.
972 2341 1107 2409 Titulus
1132 2349 1204 2407 erat
1226 2340 1342 2426 hujus·

234 2446 346 2512 modi:
379 2462 523 2512 isurun
551 2463 661 2512 neom
687 2465 737 2511 ne
762 2463 1073 2513 rursnnronruus
1098 2461 1340 2511 exsecretur

235 2566 411 2614 seuerum
436 2565 562 2614 bruun.
608 2547 702 2614 Finis
727 2550 817 2627 libri,
841 2551 871 2615 si
896 2551 1100 2635 epigramma
1123 2548 1228 2614 Probi
1252 2547 1342 2634 ejus·

236 2649 325 2729 dem,
345 2651 436 2736 quod
462 2672 523 2717 nos
549 2671 593 2716 ex
620 2652 768 2716 vetustis
795 2652 1042 2735 exemplaribus
1067 2651 1103 2716 in
1129 2652 1273 2736 epistola
1298 2649 1343 2715 ad

237 2751 439 2838 Gregorium
454 2752 674 2837 Angelerium
685 2759 720 2818 et
735 2752 881 2819 Paulum
897 2754 1029 2838 [ligium
1044 2757 1229 2841 posuimus,
1250 2754 1344 2819 euci-

235 2848 323 2942 pies,
340 2858 451 2941 qualis
465 2858 499 2922 iu
516 2858 759 2940 vulgarioribus
774 2856 959 2925 codicibus.
1004 2856 1034 2923 Ε
1055 2860 1176 2924 scribae
1191 2876 1269 2923 vero
1284 2874 1344 2942 pc-

235 2978 315 3025 nore
330 2962 484 3045 subjecte
499 2962 625 3027 verba:
657 2965 668 2995 ‘
685 2960 899 3046 Completum
913 2968 967 3028 est
980 2982 1068 3048 opus
1082 2961 1221 3048 AEmylii
1236 2960 1343 3025 Probi

238 3059 384 3127 Cornelii
401 3061 567 3147 Nepotis.’
621 3063 710 3129 Post
734 3071 958 3149 presentatum
973 3065 1104 3130 titulum
1119 3066 1192 3130 haec
1208 3084 1246 3128 se
1260 3062 1343 3128 mibi

236 3165 349 3230 stetim
364 3166 466 3230 verbe
480 3167 689 3233 obtulerunt:
726 3172 738 3203 ‘
754 3167 834 3233 Non
849 3168 966 3235 dubito
981 3169 1052 3234 fore
1068 3168 1256 3253 plerosque,
1283 3166 1343 3251 qni
1423 3177 1437 3199 ‘

238 3265 363 3331 Atticm
377 3267 443 3332 hoc
461 3288 567 3351 genus
582 3268 757 3353 scripturae
772 3266 870 3350 leve,’
891 3275 971 3353 ἕως
1002 3290 1078 3356 quse
1104 3271 1206 3335 lectio
1220 3270 1344 3354 probe-

238 3367 336 3434 bilior
349 3389 403 3448 ea,
415 3390 491 3453 quse
505 3370 540 3434 iu
553 3372 709 3436 omnibns
724 3373 861 3457 reliquis
877 3374 1062 3451 codicibus,
1078 3394 1165 3456 quos
1179 3392 1242 3455 ego
1256 3373 1344 3456 lege·

139 3538 148 3553 ‚
238 3471 312 3551 rim,
327 3472 435 3538 rideri
450 3479 571 3557 potest,
588 3493 665 3538 cum
687 3473 736 3538 illi
762 3474 813 3539 sic
829 3475 994 3542 babeant:
1017 3480 1028 3509 ‘
1044 3475 1127 3541 Non
1142 3475 1257 3541 dubito
1271 3474 1343 3540 fore

93 3608 102 3623 =
238 3574 561 3661 plerosque,Attice,
572 3578 629 3659 qui
639 3575 815 3660 bocgenus
824 3578 998 3663 scripture
1007 3578 1169 3656 lere,’&c.
1181 3577 1343 3657 Quando·

239 3678 374 3762 quidem
389 3680 584 3762 neutiquam
608 3679 739 3745 frivolis
766 3684 971 3763 argumentis
995 3682 1067 3766 jam
1091 3681 1157 3746 suit
1182 3682 1217 3745 in
1242 3681 1345 3746 citata

239 3780 387 3863 epistole
412 3782 552 3845 anobis
577 3783 850 3863 demonstratum,
873 3784 1049 3849 AEmilium
1069 3784 1215 3849 Probum
1242 3783 1344 3848 Pom·

238 3881 334 3964 ponii
349 3880 455 3947 Attici
470 3892 678 3950 coaeteneum
693 3906 757 3951 non
772 3887 896 3954 fuisse:
930 3889 1010 3972 quin
1037 3907 1125 3972 opus
1146 3885 1211 3952 hoc
1233 3885 1345 3951 Theo·

238 3981 336 4048 dosio
351 3982 550 4068 Imperatori
572 4005 647 4051 esse
667 3985 835 4070 dicatum3
869 3991 965 4075 cujus
985 3990 1033 4054 rei
1046 3991 1251 4075 epigramma
1262 3985 1344 4053 illud

238 4084 283 4151 od
299 4085 524 4153 Theodosium
537 4089 689 4173 prebeat
708 4092 942 4157 testimonium.
997 4091 1031 4157 A
1054 4093 1207 4179 principe
1229 4097 1344 4158 eutem

238 4186 387 4257 Greciae
417 4191 556 4277 civitate
589 4211 686 4259 suam
714 4193 932 4278 scriptionem
965 4195 1117 4280 appellet
1144 4192 1343 4272 ‘Atticam'
