2967 4875
530 441 558 460 ··
668 425 772 478 vrrs.
953 427 957 438 “
1017 427 1024 440 ’
1220 403 1269 480 '53

160 571 347 651 corninus,
369 570 1168 659 utCornel.NeposinprimoOlrrouicorumde
1192 573 1270 641 llo-
1374 626 1378 635 .

159 675 379 754 merodixtt,
399 676 497 741 ennis
517 674 648 741 circiter
669 679 857 742 oentumet
878 675 1075 760 semgintsz’
1120 675 1270 757 Quodst

163 779 341 846 Ausonius
355 783 496 845 testetur
508 777 619 864 Epist
630 779 675 844 sd
697 779 848 845 Probum
869 778 1072 846 Praeiectum
1086 777 1267 859 Prnterlc,

161 882 357 950 luisrerbim
380 885 391 918 ‘
405 880 585 967 Apologos
599 880 742 961 Titiuni,
759 889 794 949 ot
809 881 960 968 Nepotis
975 880 1153 962 Chronico,
1166 882 1268 967 qussi

158 985 252 1051 elios
264 983 445 1070 Apologos
459 985 811 1070 (nometipssiestur
830 984 1182 1066 suntiebulerum)ed
1196 984 1269 1053 No·

163 1087 330 1154 bilitetem
350 1095 443 1155 tuem
463 1087 553 1168 misi,
574 1088 739 1173 gaudens,
762 1095 864 1174 etque
892 1090 993 1155 etiem
1021 1088 1170 1173 glorieris
1198 1087 1271 1155 iore

162 1190 304 1275 utquid,
332 1190 423 1276 quod
451 1190 496 1255 ed
521 1193 759 1259 iustitutionem
790 1198 935 1271 tuorum,
965 1190 1156 1257 sedulitatis
1184 1210 1269 1259 mese

160 1292 276 1360 sudio
290 1292 500 1360 conteretur?
521 1294 640 1379 Ipsum
652 1294 757 1361 etism
771 1292 946 1360 Ciceronis
960 1295 1063 1361 vitum
1077 1294 1268 1378 scripsisse,

161 1416 208 1462 ex
230 1396 404 1463 Gelliilib.
420 1412 487 1461 xv.
499 1399 557 1467 28.
578 1398 829 1483 cognoscimus:
852 1402 980 1483 ‘etque
1001 1399 1033 1464 is
1054 1395 1184 1465 tumen'
1208 1395 1270 1485 (de

164 1498 304 1584 Nepote
317 1497 485 1586 loquitur)
512 1503 574 1568 ‘in
593 1502 703 1586 primo
724 1502 882 1568 librorum
903 1521 987 1588 quoe
1001 1500 1043 1567 de
1057 1502 1131 1567 rita
1154 1497 1270 1565 illius'

163 1600 513 1686 (scilicetCiceronie)
539 1606 764 1690 ‘composuit
779 1624 908 1672 errasse
922 1602 1146 1685 videtnrltrc.
1191 1602 1269 1671 Nec

163 1705 220 1771 hic
234 1706 308 1791 ejus
337 1725 474 1790 operum
495 1709 672 1790 termmue3
694 1708 755 1774 sed
777 1713 813 1774 et
832 1710 915 1774 inter
936 1707 1224 1775 commentatores
1247 1725 1271 1773 e

163 1804 371 1874 Tertulliano
390 1806 425 1872 iu
448 1807 673 1894 Apologetico
689 1811 851 1876 adversus
865 1808 992 1876 Gentes
1006 1831 1083 1896 cup.
1096 1811 1149 1876 11.
1164 1829 1269 1876 unnu-
1299 1835 1301 1840 ·

164 1918 331 1978 muster:
354 1912 366 1943 ‘
381 1909 560 1976 Setumum
573 1912 709 1998 iisque,'
722 1913 844 1999 inquit,
868 1919 878 1949 ‘
895 1919 1056 1999 quantum
1071 1914 1194 1980 literae
1206 1911 1268 1979 do·

164 2017 251 2090 cent,
265 2023 375 2097 utque
401 2012 574 2081 Diodorus
600 2014 745 2082 Grsecus
769 2021 827 2083 unt
852 2015 982 2096 Tellus,
1004 2035 1113 2101 neque
1128 2013 1270 2081 (lessius

165 2112 313 2181 Severus
339 2121 397 2181 eut
415 2116 590 2184 Cornelius
613 2118 747 2203 Nepos,
771 2139 882 2206 neque
906 2119 997 2184 ullus
1017 2117 1270 2184 Commenteter

163 2218 329 2304 memorii
352 2218 611 2304 Antiquitatum,
636 2222 730 2288 uliud
755 2243 858 2307 quem
884 2222 1051 2288 hominem
1077 2220 1269 2305 promulge-

161 2318 258 2387 runt?
303 2321 415 2388 Immo
429 2329 462 2387 et
474 2324 579 2390 ritem
593 2324 781 2392 illustrium
795 2325 1005 2409 Scriptorum
1019 2321 1268 2406 composuisse,

162 2421 393 2512 Hieronymus
407 2425 450 2493 de
463 2428 533 2494 rite
543 2427 756 2513 Scriptorum
766 2428 1081 2495 Eccleeiasticomm
1094 2426 1146 2491 his
1160 2425 1270 2493 verbis

162 2536 417 2597 commemoret:
451 2529 690 2615 ‘Scripserunt
710 2532 755 2597 de
773 2531 847 2598 vite
859 2530 1045 2597 Illustrium
1060 2528 1270 2615 Scriptorum

161 2631 254 2717 opud
276 2630 420 2699 Grecos
442 2632 649 2719 Hermippus
672 2634 931 2720 Peripateticus,
954 2631 1143 2715 Antigonus
1158 2630 1270 2699 Curis·

161 2734 239 2814 tiss,
253 2735 407 2821 Satyrus,
417 2736 540 2803 doctus
554 2737 617 2817 vir,
630 2743 666 2804 et
677 2739 776 2822 longe
791 2737 939 2802 omnium
947 2732 1270 2802 doctissimusAris-

163 2841 310 2903 merrus
334 2836 502 2905 Musious.
545 2837 650 2924 Apud
675 2837 820 2907 latinos
846 2847 959 2906 sutem
986 2837 1108 2917 Varro,
1135 2838 1269 2920 Sentre,

161 2937 297 3025 Nepos,
313 2940 482 3027 Hyginus,
497 2950 532 3010 et
544 2943 589 3009 ed
603 2943 702 3029 cujus
715 2962 779 3010 nos
794 2943 989 3027 exemplum
1001 2941 1054 3006 vis
1072 2960 1269 3026 provocare,

163 3040 399 3127 lisuqusslus!
443 3045 603 3131 Denique
623 3052 656 3112 ct
675 3047 906 3131 exemplorum
920 3045 1025 3111 libros
1041 3045 1269 3125 contexuisse,

162 3164 207 3210 ex
234 3144 341 3212 Gellii
368 3146 454 3212 libro
477 3163 544 3212 vu.
568 3147 623 3215 18.
659 3149 894 3233 agnoscimus:
926 3146 1127 3214 ‘Cornelius
1157 3153 1269 3214 eutem

163 3246 305 3334 Nepos:
326 3249 444 3334 inquit,
466 3252 477 3285 ‘
500 3252 535 3316 in
558 3251 663 3318 Libro
697 3253 926 3338 exemplorum
954 3268 987 3316 v.
1010 3250 1046 3317 id
1072 3268 1206 3335 quoqne
1227 3248 1269 3315 li·

161 3351 242 3416 teris
265 3349 462 3433 minxit:
484 3355 547 3419 uc.
593 3353 741 3436 Quidem
766 3354 879 3433 etiem,
904 3354 1096 3438 intorques
1124 3350 1269 3418 Hermo·

161 3453 235 3520 isus
257 3454 440 3534 Burburus,
455 3453 617 3541 (instiget.
638 3457 674 3525 iu
687 3456 778 3525 Plin.
792 3457 852 3523 lib.
868 3472 935 3523 xv.
947 3456 1003 3522 29.
1025 3460 1141 3521 conset
1155 3453 1269 3521 libel·

161 3556 229 3627 luru
254 3556 298 3623 de
323 3555 418 3624 Viris
443 3557 645 3639 Illustribns,
669 3562 730 3646 qui
757 3559 867 3627 Plinio
892 3558 993 3625 tribui
1005 3557 1103 3637 solet,
1120 3555 1270 3623 Cornelii

164 3657 313 3747 Nepotis
327 3678 416 3740 esse,
435 3659 540 3747 idque
554 3663 721 3729 veteribus
736 3661 923 3730 codicibus
937 3660 1040 3728 utrui
1052 3678 1159 3747 posse
1172 3674 1268 3727 esse·

162 3762 211 3831 ut
266 3763 342 3848 Ego
370 3768 480 3829 temen
508 3762 639 3830 Aurelii
665 3765 816 3832 Victoris
838 3783 926 3849 opus
951 3762 1159 3843 crediderim,
1186 3762 1269 3833 licet

164 3863 252 3933 ioris
274 3866 384 3932 mults
408 3885 453 3933 ex
479 3865 617 3952 Nepote
640 3865 761 3934 Victor
774 3867 992 3952 excerpserit.
1036 3864 1146 3931 Etiam
1161 3865 1269 3932 Dere-

163 3973 229 4033 tsm
244 3966 429 4054 Phrygium
452 3989 474 4035 a
494 3969 630 4054 Nepote
654 3971 854 4038 censimum
878 3969 1016 4056 quidum
1043 3968 1271 4052 arbitrentur3

164 4069 381 4153 qsodtenneu
393 4070 518 4137 telsum
531 4073 700 4152 existimo,
716 4093 795 4139 oum
818 4072 923 4140 dictio
946 4074 1020 4159 ejus
1040 4071 1267 4158 Augusteum

166 4189 284 4253 erum,
299 4192 367 4258 quo
380 4178 529 4260 tempore
542 4176 679 4261 scripsit
699 4175 834 4262 Nepos,
846 4177 984 4243 minime
997 4177 1120 4261 sspitt.
1165 4170 1214 4242 Ut
1226 4180 1267 4240 ut

166 4271 222 4353 rit.
232 4272 318 4342 uiui
330 4294 432 4343 turum
446 4283 572 4346 certum
587 4283 649 4360 est,
675 4278 769 4367 quud
782 4279 914 4348 scilicet
926 4279 1001 4347 lurco
1015 4277 1130 4346 omnis
1145 4272 1266 4367 Nepo·
