2967 4875
223 352 267 428 18
591 367 774 420 conunuu
797 367 957 421 uurorrs

242 510 403 592 „Quibus
417 509 569 579 omnibus
594 511 753 580 Lambini
771 514 969 581 testimoniis
989 514 1062 581 haec
1082 512 1221 601 insuper
1239 511 1326 601 adj<

223 606 353 698 cio,·ex
377 615 451 681 vita
475 612 582 682 Attici
597 616 791 702 depromto3
818 619 941 704 quibus
969 617 1183 684 manifestum
1197 623 1261 696 est,
1290 623 1326 682 et

223 719 376 786 Atticum
388 724 536 803 tempore
548 718 632 785 belli
646 720 756 786 civilis
773 719 936 804 ‘Pompeii
957 719 992 786 et
1005 718 1163 799 Caesaris,
1178 720 1280 786 immo
1291 721 1326 782 et

223 823 328 891 multo
345 829 426 907 post
449 822 599 905 vixisse3
621 829 655 888 et
684 823 788 889 Gom.
812 822 984 908 Nepotem
1007 830 1087 890 tunc
1101 823 1265 898 ,floruisse
1290 824 1326 885 et

223 925 412 1010 scripsisse.
457 924 514 989 Sic
537 931 648 991 autern
670 926 814 1010 primum
834 926 969 1011 legitur:
993 925 1143 991 ‘Incidit
1158 923 1325 990 Caesada·

221 1038 303 1096 num
317 1029 416 1094 civile
429 1025 551 1094 bellurn
566 1048 643 1098 oum
665 1030 803 1096 haberet
826 1049 933 1096 annos
958 1029 1091 1095 circiter
1119 1028 1294 1111 sexaginta
1306 1024 1325 1091 :'

222 1132 280 1210 (de
295 1132 483 1216 Pomponio
499 1129 615 1199 Attico
629 1133 787 1217 loquitur,
807 1140 847 1197 ut
868 1133 1004 1199 cuilibet
1020 1132 1140 1215 legenti
1160 1131 1286 1215 patebit
1297 1125 1325 1213 r)

222 1240 324 1301 ‘usus
334 1239 386 1300 est
397 1235 509 1302 aetatis
518 1234 704 1314 vacatione,
715 1234 1220 1321 nequosequoqoammoritex
1229 1233 1324 1298 urbe.

223 1337 312 1417 Qum
329 1340 447 1403 amicis
462 1338 534 1403 suis
559 1357 646 1423 opus
653 1338 802 1419 fuerant,
826 1338 870 1403 ad
892 1338 1089 1423 Pompeium
1110 1335 1326 1420 proficiscen·

221 1442 323 1521 tibus,
350 1442 463 1506 omniu
485 1461 528 1506 ox
551 1461 614 1506 sua
638 1462 673 1507 re
698 1441 855 1507 familiari
881 1440 994 1520 dedit,'
1015 1445 1077 1506 &o
1122 1437 1256 1506 Deinde
1275 1439 1327 1503 ita

222 1543 381 1611 habetur:
404 1543 487 1609 ‘Sic
502 1548 611 1608 vetere
630 1544 785 1608 instituto
809 1544 887 1610 ritae
911 1542 1024 1627 effugit
1045 1561 1134 1607 nora
1158 1541 1324 1627 pericula.

224 1645 385 1713 Secutum
415 1653 468 1711 est
503 1646 589 1711 illud
618 1647 734 1711 occiso
769 1645 917 1725 Caesare,
953 1643 1029 1711 cum
1068 1640 1176 1731 Resp.
1218 1662 1323 1730 penes

222 1748 348 1815 Brutos
372 1748 539 1814 videretur
563 1768 638 1813 esse
660 1755 692 1814 et
717 1747 887 1828 Cassium,
910 1768 951 1815 uo
973 1756 1046 1815 tota
1071 1748 1202 1814 Civitas
1223 1746 1326 1813 se‘ad

221 1871 297 1917 eum
312 1852 516 1917 convertisse
529 1850 708 1918 rideretur.
740 1852 798 1917 Sic
815 1851 866 1915 Μ.
881 1852 988 1918 Bruto
1002 1872 1087 1917 usus
1100 1859 1164 1931 cst,
1178 1859 1219 1916 ut
1232 1850 1325 1917 nullo

222 1954 279 2020 ille
291 1952 485 2020 adolescens
506 1953 631 2039 aequali
652 1941 866 2032 'familiarius
881 1972 981 2039 quum
1004 1954 1069 2021 hoo
1095 1953 1205 2020 sene:'
1235 1952 1342 2030 Atti-¹

221 2076 299 2122 cum
321 2057 480 2140 intellige.
524 2056 614 2123 Haeo
640 2057 782 2123 clariora
805 2064 892 2136 sunt,
908 2078 1008 2142 quam
1031 2059 1160 2123 utalia
1183 2058 1259 2124 luce
1274 2058 1326 2123 in·

222 2158 367 2246 digeant.
412 2159 499 2224 Sunt
512 2164 546 2224 et
559 2159 726 2245 ejusmodi
747 2161 932 2241 innumera,
947 2161 1070 2247 quibus
1093 2160 1327 2246 supersedebi-

222 2269 322 2330 mus(
352 2261 453 2330 Nunc
468 2263 512 2328 ad
532 2283 575 2328 ea
593 2264 780 2345 veniamus,
795 2265 917 2349 quibus
932 2264 1030 2331 Corn.
1054 2264 1224 2350 Nepotem
1247 2271 1326 2330 tunc

221 2365 354 2439 vixisse
369 2372 403 2432 et
417 2368 595 2453 scripsisse
609 2370 804 2454 probemus.
837 2368 871 2434 1.
886 2374 958 2436 est:
975 2369 1097 2452 ‘Saepe
1112 2368 1212 2449 enim,
1223 2386 1325 2455 prop·

197 2538 199 2542 ,
221 2475 272 2537 ter
284 2470 558 2549 familiaritatem,
585 2472 781 2538 domesticis
807 2473 907 2538 rebus
931 2471 1160 2537 interfuimus?
1209 2471 1258 2536 De
1274 2490 1328 2536 se·

221 2572 366 2658 metipso
380 2573 527 2668 loquitur
549 2572 679 2659 Nepos,
701 2594 804 2660 seque
820 2572 928 2640 Attici
949 2576 1048 2640 rebus
1071 2566 1262 2639 domesticis
1277 2573 1327 2639 in-

221 2675 377 2743 terfuisse
390 2675 563 2760 praedicat.
608 2675 699 2755 Quid
723 2677 871 2742 clariusl
913 2676 946 2743 2.
970 2682 981 2712 ‘
1002 2678 1051 2742 lle
1073 2678 1198 2761 pietate
1213 2680 1327 2742 autem

221 2777 327 2845 Attici
356 2778 436 2862 quid
466 2778 565 2864 plura
593 2781 867 2846 commemorent
906 2801 983 2846 cum
1012 2780 1076 2845 hoc
1104 2781 1216 2863 ipsum
1245 2798 1326 2845 vere

221 2880 413 2966 gloriantem
437 2880 611 2961 audierim,
636 2882 809 2949 insonare
832 2884 947 2949 matris
973 2904 1058 2961 snae,
1082 2904 1181 2966 quam
1207 2882 1329 2948 extulit

223 3003 382 3049 annorum
406 2984 600 3068 nonaginta,
636 3006 713 3051 cum
752 2993 841 3053 esset
860 2992 986 3071 septem
1011 2992 1046 3050 et
1073 2987 1259 3069 sexaginta,
1289 2994 1341 3051 se*

222 3100 394 3173 nunquam
410 3107 485 3153 cum
500 3094 604 3154 matre
628 3090 824 3174 ingratiam
838 3089 996 3168 rediisse,’
1010 3093 1070 3154 &o
1103 3088 1146 3174 ἱ3.
1169 3093 1180 3122 ‘
1196 3088 1328 3153 Hacte-

222 3208 294 3269 nus,
311 3187 432 3255 Attico
447 3192 539 3270 rivo,
555 3190 646 3257 editu
664 3212 685 3256 a
707 3193 805 3257 uobis
826 3200 914 3258 sunt
961 3192 1074 3269 Nunc,
1090 3192 1245 3275 quonium
1260 3190 1327 3254 sor·

223 3299 305 3358 tuna
320 3312 383 3357 uos
400 3295 599 3378 superstites
624 3296 654 3359 ei
679 3316 754 3359 esse
778 3297 894 3375 voluit,
919 3297 1046 3380 reliqua
1071 3288 1343 3380 persequemur?x

222 3393 261 3489 §i
286 3416 366 3479 ergo
394 3395 516 3481 Nepos
542 3395 692 3464 Atticum
716 3398 911 3483 loquentem
933 3397 1081 3477 audirit3
1117 3398 1147 3459 si
1168 3415 1209 3459 eo
1232 3396 1324 3472 rivo,

221 3498 295 3564 noc
318 3498 444 3582 edidit3
477 3502 507 3565 si
528 3508 697 3585 superstes
721 3501 754 3564 ei
781 3500 861 3581 luit3
893 3507 981 3565 certe
1002 3520 1077 3563 euru
1102 3506 1181 3562 tunc
1196 3497 1328 3561 vixisse

222 3621 359 3668 neeesse
374 3611 439 3669 est.
473 3605 558 3669 Sunt
572 3610 606 3668 et
619 3604 715 3688 plura
730 3604 818 3670 alia:
842 3604 899 3668 sed
911 3603 986 3677 haec
1000 3602 1156 3667 retulisse
1172 3601 1255 3665 satis
1268 3601 1327 3665 sit.

265 3704 378 3771 Exeo
402 3715 513 3772 eutem
539 3727 630 3771 error
653 3707 713 3772 ille
733 3708 895 3791 provenit,
923 3703 1066 3784 ‘Quod’
1088 3703 1189 3788 (teste
1204 3702 1327 3771 eodem

225 3804 363 3888 Vosslo,
381 3807 522 3894 ibidem)
548 3809 722 3874 ‘Librario
748 3809 782 3873 id
806 3809 904 3873 fuerit
928 3827 1060 3882 nomen,
1076 3806 1136 3889 qui
1159 3807 1247 3869 vitus
1267 3825 1327 3873 eus

223 3913 346 3998 purtim
360 3933 433 3992 stra,
449 3913 570 3997 partim
593 3913 709 3996 patris,
731 3920 768 3975 et
789 3914 903 3976 matris
927 3930 1024 3973 manu
1047 3909 1202 3992 scriptas,
1217 3907 1326 3974 Theo-

225 4004 325 4081 dosio
349 4014 493 4080 obtulit!
537 4014 645 4099 quue
671 4034 783 4080 verum
813 4033 890 4078 esse
920 4013 1092 4079 coufirmat
1107 4011 1165 4077 Jo.
1182 4011 1326 4092 Savaro,

224 4119 320 4206 orpus
341 4119 415 4183 haec
437 4127 518 4185 sunt
538 4123 656 4187 verba:
689 4118 891 4183 ‘AErnilium’
908 4123 1019 4180 autem
1042 4114 1203 4193 Probum,
1226 4115 1325 4199 cujus

223 4222 355 4293 numine
369 4208 600 4290 circumfertur
612 4222 667 4288 hic
683 4222 794 4299 Liber,
809 4219 1002 4286 Theodosio
1017 4224 1173 4303 regnante
1185 4217 1326 4298 vixisse,
