2967 4875
252 342 296 408 w
359 357 596 406 TESTIMONIA
623 357 669 405 ΒΤ
691 355 850 409 subtele
867 357 932 407 -mt
955 358 1069 408 ΟΟΙΝ.
1093 360 1253 412 NEPOTB.

247 499 438 588 ‚morphosi
453 519 554 585 qnam
575 499 662 566 liber
681 500 737 566 hic
763 500 909 586 Nepotis
933 495 1114 588 perpessus
1133 509 1197 584 est,
1222 507 1359 592 accepi·

256 625 330 670 mus
345 600 527 669 tantundem
540 600 688 687 qnidam,
701 623 803 686 quam
818 603 898 670 olim
913 610 996 685 erat,
1009 624 1076 671 non
1090 604 1179 670 idon.

301 706 409 791 Igitur
422 703 731 788 probabilissimum
752 706 824 790 jam
845 706 964 785 habeo,
980 713 1146 773 auctorem
1159 714 1311 774 nostrum
1324 710 1359 774 in

257 809 338 874 vitis
352 809 588 892 imperatorum
613 808 819 893 exponendis
833 808 1005 875 civitatum
1020 812 1188 894 quendam
1210 811 1359 878 ordinem

257 930 421 978 mirasse.
464 910 509 976 Et
532 911 630 994 primi
657 909 790 996 quidem
812 913 1020 997 ponebantur
1039 913 1088 979 illi
1109 913 1360 980 Atheniensium

258 1015 362 1080 duces
375 1019 537 1099 perpetua
550 1014 657 1080 serie:
691 1012 879 1095 Miltiades,
902 1015 1159 1094 Themistocles,
1184 1009 1385 1097 Aristides,

259 1116 393 1193 Cimon,
408 1114 618 1196 Alcibiades,
641 1115 881 1202 Thrasybulus,
907 1116 1038 1197 Conon,
1063 1118 1258 1202 Iphicrates,
1273 1118 1361 1184 Cha·

259 1219 365 1297 brias,
389 1216 597 1297 Timotheus,
624 1218 787 1285 Phocion.
831 1219 900 1284 His
928 1221 1014 1286 alios
1034 1220 1169 1286 totidem
1183 1240 1227 1286 ex
1243 1222 1362 1286 ceteris

259 1320 454 1390 civitatibus
469 1320 619 1386 extemis
634 1322 867 1405 conquirebat,
890 1324 1125 1407 excitahatque
1139 1340 1185 1386 ex
1200 1321 1361 1388 Lacedae·

259 1424 382 1489 moniis
405 1423 621 1502 Pausaniam,
646 1424 867 1509 Lysandrum,
892 1423 1107 1506 Agesilaum
1130 1443 1176 1489 ex
1190 1423 1361 1490 Thebanis

260 1524 529 1609 Epaminondam
543 1532 579 1590 et
593 1524 816 1610 Pelopidam
848 1528 894 1593 ex
915 1526 1146 1611 Syracusanis,
1161 1528 1219 1610 qni
1234 1532 1363 1592 etanta

260 1625 441 1693 Corinthiis
464 1627 541 1707 orti,
557 1627 721 1710 Dionem
743 1648 788 1693 ex
814 1628 901 1712 ipsis
916 1625 1108 1705 Corinthiis,
1123 1628 1181 1712 qui
1196 1628 1362 1693 maxims

259 1750 314 1796 res
329 1729 509 1814 Syracusis
523 1731 639 1814 gessit,
663 1729 933 1811 Timoleontem3
966 1748 1012 1795 ex
1027 1729 1259 1795 semibarbaris
1271 1733 1363 1808 (nam

260 1833 488 1898 Chersonesus
503 1832 650 1898 Thracia
669 1832 814 1900 Graeciae
838 1832 939 1898 terme
963 1828 1258 1917 annumerabatur)
1281 1831 1363 1898 Gar·

261 1936 397 2002 manum
420 1933 622 2001 Eumenem:
646 1954 687 2001 uc
708 1942 890 2021 postquam
911 1934 968 2001 hic
990 1935 1204 2000 admonuerat
1217 1933 1362 2019 Regum,

260 2058 403 2123 qnorum
417 2038 734 2104 commemoratione
758 2044 920 2124 tanquam
937 2037 1042 2102 limite
1053 2036 1214 2114 utebatur,
1229 2055 1274 2101 ex
1287 2037 1363 2102 har·

261 2140 355 2207 haris
374 2139 448 2225 jam
472 2139 648 2206 ammsivit
661 2138 954 2223 Carthaginienses
976 2138 1206 2204 Hamilcarem
1219 2144 1252 2203 et
1268 2137 1363 2204 Han·

261 2242 420 2322 nibalem,
443 2260 485 2307 ac
507 2248 579 2308 tum
603 2241 745 2327 denique
764 2248 917 2308 extremo
938 2244 1016 2308 loco
1041 2241 1220 2307 Datamem
1242 2238 1363 2306 omem

262 2344 399 2430 adjecit
443 2342 650 2427 singularem
670 2364 748 2428 ergo
770 2345 946 2429 quendam,
968 2349 1006 2409 ut
1024 2343 1104 2409 binc
1125 2347 1229 2427 patet,
1252 2342 1363 2411 delec-

261 2453 330 2541 tum
355 2445 474 2533 Nepos
496 2446 621 2515 hahuit.
674 2446 755 2515 Non
777 2449 866 2513 enim
891 2466 1006 2513 omnes
1030 2433 1169 2513 volebat
1194 2449 1364 2535 explicare

263 2550 494 2637 imperatores,
509 2549 579 2632 sed,
593 2556 634 2616 ut
646 2550 722 2636 ipse
736 2552 795 2631 ait,
809 2556 821 2586 ‘
836 2548 1063 2618 excellentes?
