2967 4875
249 318 301 400 il&
553 337 800 396 tremueris·
817 341 1041 392 seruarent

250 498 351 568 quem
374 489 447 556 aa
468 482 669 556 donabimus
691 483 979 554 assertorum:-
994 485 1175 572 Nepotem,
1187 507 1254 555 nou
1269 507 1357 557 teror

249 588 421 660 Νῖκαι
435 586 594 667 Probum,
609 589 758 673 nt'rulgo
769 594 899 674 putant
939 593 945 604 '
1039 619 1043 626 v

550 753 750 860 uronis.
770 745 1046 872 'muninus
1093 749 1098 758 ’

508 960 676 1011 PRAEFAT.
700 960 740 1008 IN
765 960 877 1009 GORN.
902 961 1089 1011 NEPOTEM.

291 1099 392 1165 Nune
416 1097 458 1162 de
486 1099 653 1181 scriptore
673 1102 793 1162 nostro
814 1116 930 1180 pauca
950 1097 1115 1175 dicamus,
1134 1118 1234 1181 quem
1249 1100 1279 1166 si
1294 1120 1349 1167 os-

247 1202 348 1267 tendo
363 1200 493 1265 vixisse
508 1200 661 1283 Pompeii
676 1199 806 1283 Magni,
832 1210 865 1265 et
878 1199 1040 1278 Caesaris,
1061 1207 1096 1264 et
1118 1200 1302 1282 Ciceronis,
1316 1209 1358 1270 et·

246 1304 363 1385 Attici,
376 1311 411 1370 et
425 1312 614 1370 ceterorum
635 1304 788 1388 ejusdem
810 1306 923 1382 aetatis
945 1306 1114 1370 bominum
1127 1308 1357 1390 temporibus,

245 1409 311 1476 boo
325 1416 387 1489 est,
404 1413 632 1492 quqlempore
641 1408 835 1492 respublica
845 1407 1003 1474 Romana
1017 1409 1170 1493 populari
1185 1410 1349 1492 potantia,

245 1512 317 1578 sire
333 1512 548 1591 democratia,
562 1520 598 1577 et
613 1512 810 1596 optimatum
827 1512 1029 1596 principatu,
1043 1513 1115 1576 sire
1130 1512 1349 1592 manentia,

246 1615 507 1697 gubernabatur3
530 1616 640 1694 vinco,
655 1616 785 1698 opinor,
801 1635 879 1682 eum
897 1635 964 1681 non
984 1614 1135 1681 flomisse
1153 1614 1348 1682 Theodosio

244 1719 442 1801 imperante,
466 1718 560 1801 quod
585 1718 723 1804 quidam
749 1720 879 1785 volunt.
923 1718 1004 1784 Hoc
1027 1719 1129 1801 igitur
1143 1737 1220 1782 cnm
1233 1718 1349 1784 multis

245 1821 449 1903 argumentis
477 1820 702 1886 demonstrare
730 1824 870 1906 possim,
901 1822 1034 1887 duobus
1063 1829 1242 1888 contentus
1267 1841 1354 1892 eret,

244 1943 383 2006 quorum
398 1925 462 1989 boc
476 1925 539 1989 erit
552 1924 707 2007 primum,
717 1924 810 2007 quod
824 1926 937 1990 statim
952 1925 997 1988 ab
1013 1923 1121 2001 initio,
1134 1931 1169 1987 et
1179 1925 1349 2008 prooemio

242 2026 330 2104 libri,
354 2025 504 2091 Atticum
536 2027 733 2092 nominatim
766 2027 930 2111 appellat,
953 2026 1084 2110 ipsique
1111 2025 1199 2090 adeo
1225 2025 1348 2094 Attiou

242 2128 364 2196 librum
379 2130 543 2208 inscribit,
564 2145 605 2193 nc
627 2127 774 2205 dedicat,
796 2130 855 2206 ibi,
878 2129 981 2196 ‘Non
997 2128 1118 2194 dubito
1133 2126 1204 2193 fore
1218 2130 1348 2216 pleres-

243 2251 324 2315 que,
340 2231 470 2311 Attice,
480 2233 539 2316 qni
553 2232 619 2296 boc
634 2249 739 2314 genus
754 2231 951 2316 scripturae,'
965 2236 1025 2297 &a
1063 2230 1182 2314 Neque
1195 2238 1247 2295 est
1256 2233 1358 2316 quod

242 2335 421 2417 qnisquam
436 2334 518 2400 mibi
533 2335 636 2412 dicat,
657 2335 762 2398 alium
782 2334 869 2400 buno
884 2353 959 2398 esse
975 2332 1138 2411 Atticum,
1156 2349 1257 2418 qnam
1270 2351 1348 2404 eum

243 2434 287 2500 ad
308 2457 407 2519 quem
430 2438 568 2520 scripsit
591 2436 641 2501 Μ.
655 2437 798 2503 Tullius.
844 2436 915 2517 Qui
929 2439 1003 2502 baec
1017 2438 1208 2521 loquuntur,
1223 2437 1355 2503 nedum·

242 2539 277 2602 in
293 2539 407 2622 scirpo
422 2544 582 2622 quaerunt
628 2539 733 2619 Quod
763 2546 873 2606 autem
898 2541 1034 2624 qnidam
1055 2544 1228 2618 testantur,
1251 2556 1289 2605 se
1310 2542 1347 2606 in

241 2641 388 2725 quedam
411 2641 496 2707 libro
519 2642 589 2707 Me.
612 2643 661 2708 ita
684 2644 844 2727 scriptum
865 2644 1039 2726 reperisse,
1069 2637 1143 2707 Noa
1156 2641 1264 2707 dubito
1266 2640 1347 2727 fere

238 2740 412 2829 plerosque,
441 2744 496 2830 qai
523 2744 636 2809 Attica
663 2745 719 2811 laec
746 2766 843 2830 genus
869 2745 1029 2829 temptam
1056 2742 1130 2822 leve,
1157 2744 1209 2818 irc.
1241 2753 1345 2828 atque

240 2844 328 2921 banc
342 2849 540 2931 scripturam
555 2848 809 2930 probabiliorem
831 2868 906 2913 esse
930 2855 1066 2931 recepta
1088 2848 1154 2915 sibi
1175 2846 1281 2912 videri
1296 2847 1347 2913 di·

247 2954 345 3027 cunt3
372 2968 426 3013 nm
442 2950 492 3015 illi
502 2950 633 3034 judicio
648 2955 726 3015 sunt
742 2970 860 3033 parum
882 2951 994 3015 subtili
1010 2959 1070 3015 aut
1080 2950 1205 3028 limato,
1222 2950 1348 3032 quibus

243 3048 318 3115 baec
333 3051 433 3115 lectio
446 3052 582 3134 probari
603 3053 738 3117 omnino
760 3054 920 3135 potuerit,
942 3070 1019 3118 cnm
1033 3071 1075 3119 ea
1087 3052 1223 3135 quidem
1238 3053 1282 3117 sit
1296 3053 1347 3117 in·

241 3153 418 3235 aptissima
441 3161 544 3239 atque
570 3154 831 3220 absurdissima:
855 3158 940 3221 ratio
961 3163 1087 3231 autern,
1110 3174 1179 3237 qua
1199 3174 1274 3219 earn
1294 3161 1348 3219 tn·

240 3260 363 3334 antur,
386 3257 556 3322 levissima
588 3262 625 3322 et
652 3258 801 3323 maxime
830 3258 983 3335 ridicula,
1011 3262 1181 3323 auctorem
1219 3256 1347 3325 idcireo

240 3360 327 3423 banc
343 3361 556 3443 scriptionem
570 3360 760 3443 appellasse
783 3358 971 3425 ‘Atticam’
993 3380 1015 3424 a
1034 3360 1185 3444 principe
1198 3358 1345 3429 Graeeiae

241 3460 390 3539 civitate,
406 3461 496 3545 quod
511 3464 745 3547 imperatorum
767 3462 964 3528 Graecorum
983 3461 1074 3526 vitas
1088 3462 1346 3545 complectatur.

244 3562 353 3642 Quasi
369 3585 447 3630 vero
461 3585 570 3629 sermo
592 3585 613 3630 a
633 3567 770 3630 natione
782 3584 1008 3650 personarum,
1024 3563 1066 3628 de
1082 3565 1207 3647 quibus
1220 3564 1346 3628 babea-

241 3670 305 3743 tur,
321 3668 367 3731 sit
380 3668 603 3751 appellandus
619 3668 772 3748 Graecus,
789 3674 846 3733 aut
865 3668 1016 3745 Latinus,
1031 3673 1089 3733 aut
1103 3665 1272 3744 Gallicus,
1288 3671 1346 3732 aut

242 3766 431 3852 Hispanae,
454 3777 488 3834 et
508 3771 587 3834 item
610 3771 653 3835 de
676 3772 809 3837 ceteris,
854 3771 927 3855 Ego
949 3789 1027 3834 vero
1043 3771 1239 3854 scripnrram
1253 3768 1345 3833 illam

240 3871 344 3936 furcis
364 3873 597 3956 expellendam
618 3894 707 3953 esse,
728 3879 762 3937 et
781 3873 866 3939 banc
887 3878 1053 3956 receptam
1074 3870 1245 3936 mordicus
1266 3871 1345 3936 reti-

243 3974 385 4039 nendam
397 3996 471 4040 esse
484 3975 570 4041 dico.
608 3976 736 4042 Eodem
751 3979 904 4061 pertinet,
920 3974 1011 4062 quod
1023 3975 1060 4039 in
1074 3972 1203 4039 Catone
1216 3973 1346 4052 scribit,

241 4078 253 4110 ‘
269 4096 308 4141 se
324 4078 421 4161 plura
435 4078 477 4144 de
491 4081 562 4144 vita
574 4085 608 4145 et
621 4080 768 4145 moribus
779 4077 919 4145 Catonis
932 4079 966 4142 in
979 4098 1022 4143 eo
1035 4078 1120 4142 libro
1135 4079 1346 4161 persam

241 4198 329 4259 esse,
345 4201 445 4268 quem
467 4183 647 4269 separatim
667 4182 711 4251 de
729 4202 784 4262 eo,
808 4189 927 4269 rogatu
948 4181 1018 4249 'liti
1031 4178 1211 4267 Pomponii
1224 4177 1345 4260 Attici,
