2967 4875
519 407 525 450 ³
646 425 749 476 rint.
1198 411 1242 483 21

143 568 304 638 usuum
317 567 491 636 Ausonius
506 590 582 636 cum
593 569 730 637 Catullo
752 571 1000 649 concitabitur,
1021 592 1099 638 oum
1118 580 1243 644 oenum

144 675 199 753 sit,
216 673 298 738 ideo
311 672 453 739 Gallum
465 675 594 755 vocari,
617 676 709 760 quod
722 677 878 742 nimirum
895 675 995 742 ltalia
1007 677 1242 761 transpadana,

120 841 128 857 ‚
144 776 259 846 Gallia
272 783 390 859 togata
403 776 578 842 diceretur.
622 776 667 842 Et
682 778 836 862 quamvis
860 779 926 844 siut
942 779 1102 858 nonnulli,
1126 781 1185 864 qui
1200 780 1243 846 do

140 884 250 969 petria
270 884 345 967 ejus
368 885 449 949 urbe
463 903 501 948 se
517 883 698 966 quicquum
713 883 835 949 habere
850 883 1014 968 comperti
1036 890 1170 965 negent:
1192 887 1242 951 ni-

140 984 319 1050 hilominus
335 993 457 1066 tamen,
481 992 602 1070 praeter
622 988 807 1071 scriptores
830 987 967 1052 anobis
985 984 1059 1069 jam
1076 984 1241 1066 laudatos,

140 1088 235 1153 multi
249 1090 309 1154 alii
325 1095 404 1155 snut
430 1090 621 1173 gravissimi
636 1091 698 1154 riri
719 1091 778 1174 qui
792 1088 828 1154 id
841 1090 1042 1165 confirment,
1066 1090 1243 1172 ipsumque

140 1187 364 1255 veronensem
388 1193 495 1258 civem
527 1212 602 1258 esse
627 1192 751 1269 dicant,
785 1197 900 1275 utpote
925 1192 983 1276 qui
1005 1195 1096 1254 ortus
1123 1192 1168 1254 sit
1196 1209 1243 1256 ex

139 1293 216 1358 vico
233 1292 656 1372 VeronensiumHostilie,
679 1295 723 1360 ad
741 1295 828 1360 Padi
851 1296 942 1380 ripas
959 1294 1038 1362 sito.
1083 1293 1141 1358 Sic
1153 1293 1244 1359 Vos·

139 1397 209 1461 sius
225 1395 260 1460 in
276 1396 423 1481 Nepotis
437 1397 525 1463 rita:
550 1397 644 1476 ‘Au’
666 1401 784 1484 inquit,
808 1399 1062 1465 ‘veronensem
1082 1398 1188 1463 titisse
1207 1401 1242 1463 in

139 1497 284 1564 Leandri
299 1500 431 1565 Alberti
451 1499 552 1565 ltalia
565 1501 657 1584 lego:
679 1503 728 1566 uti
742 1509 776 1566 et
789 1502 823 1566 io
838 1499 1102 1584 Cosmograpliia
1124 1501 1242 1584 optimi

140 1609 242 1686 utque
257 1603 456 1668 amicissimi
478 1602 645 1686 quondum
668 1605 743 1682 viri,
767 1604 865 1669 Pouli
881 1603 1029 1669 Merulae.
1074 1602 1183 1667 lmmo
1197 1623 1242 1668 ex

141 1702 382 1770 Veronensium
422 1705 674 1772 Historicorum
714 1707 845 1791 syllabo
880 1705 996 1791 (quem
1025 1706 1246 1771 doctissimus·

139 1808 429 1893 amplissimusque
469 1807 663 1874 Alexander
699 1808 869 1884 Becellus,
900 1808 1102 1874 Veronensis
1140 1807 1245 1873 Urbis

138 1907 369 1975 Cancellarius
383 1912 473 1989 fecit,
496 1931 537 1976 ac
559 1892 802 1977 illustrissimus
819 1911 944 1976 Comes
960 1911 1153 1975 Ferueudus
1169 1911 1242 1976 No·

140 2012 264 2092 gerolo,
287 2014 338 2076 vir
366 2018 403 2077 ut
427 2031 560 2094 genere,
583 2013 633 2078 ita
659 2014 829 2078 literanum
858 2013 972 2078 studio
998 2014 1239 2092 nobilissimos,

139 2130 216 2176 com
240 2113 420 2178 Laurentio
441 2113 610 2196 Pignorio,
635 2121 734 2199 atque
758 2117 788 2178 is
810 2133 941 2180 mecum
968 2116 1241 2196 communicavit)

137 2215 288 2299 intelligo
311 2223 425 2281 uatum
444 2218 550 2281 titisse
571 2216 741 2301 Nepotem
757 2218 791 2281 io
808 2218 977 2296 Hostilia3
999 2219 1059 2301 qui
1074 2217 1242 2283 Veronen-

136 2319 222 2382 sium
237 2321 333 2383 vicus
346 2329 409 2395 est,
425 2318 560 2396 Tacito,
576 2317 700 2397 Plinio,
722 2319 939 2396 cassiodoro,
963 2324 997 2382 et
1015 2320 1183 2384 Antonino
1207 2321 1242 2384 in

137 2418 315 2486 Itinerario
329 2425 543 2500 memoratus,
557 2420 725 2505 hodieque
736 2421 987 2488 Ecclesiasticus
997 2421 1243 2487 Veronensium

135 2522 369 2589 lurisdictioui
394 2522 570 2589 subditus?
623 2523 680 2588 Sic
707 2524 810 2589 etiam
841 2522 1032 2607 Onuphrius
1062 2523 1238 2590 Peuvinus

137 2625 300 2709 Catalogo
338 2628 515 2692 illustrium
554 2626 753 2710 scriptorum
782 2628 1035 2704 Veronensiom,
1083 2625 1161 2693 Lib.
1193 2643 1242 2693 v1.

137 2728 304 2814 Antiquit.
328 2730 658 2805 ‘Constantissimu’
680 2733 799 2815 inquit,
822 2728 1005 2795 ‘Civitatis
1024 2736 1151 2796 nostrae
1175 2736 1240 2796 tes·

138 2833 277 2898 timonio
299 2831 490 2898 Cornelium
512 2832 682 2917 Nepotem
706 2835 815 2899 virum
838 2832 1081 2910 doctissimum,
1107 2839 1141 2896 et
1159 2834 1243 2899 enti·

137 2935 299 3018 quitatum
322 2936 468 3000 omnium
491 2937 738 3019 peritissimum,
762 2937 992 3002 Veronensem
1014 2936 1122 3000 fuisse
1137 2935 1240 3001 tradi·

138 3044 207 3103 tur:
231 3041 286 3104 oui
309 3041 342 3103 in
362 3058 492 3103 summe
508 3036 612 3104 Curia
632 3058 709 3103 cnm
724 3039 862 3124 reliquis
877 3038 1130 3103 Veronensibus
1144 3037 1239 3104 illus·

136 3141 250 3221 tribus,
265 3143 366 3208 etiam
380 3147 494 3205 statue
508 3142 620 3225 posite
633 3146 684 3206 est
697 3160 742 3207 ox
758 3142 894 3226 publico
905 3140 1129 3206 auctoritate!

182 3245 238 3310 Ex
253 3246 376 3330 quibus
394 3244 547 3309 omnibus
558 3243 632 3329 jum
658 3245 787 3329 liquido
801 3250 897 3329 patet
909 3260 953 3309 ox
968 3264 1111 3328 quanam
1126 3244 1244 3310 Putria

141 3347 316 3414 Cornelius
331 3354 443 3413 noster
464 3354 559 3411 ortus
584 3347 639 3412 sit
683 3347 797 3424 Nunc,
822 3348 918 3431 cujus
941 3347 1039 3412 luerit
1062 3348 1172 3412 aetatis
1193 3345 1243 3410 in-

141 3451 303 3518 dicemus.
546 3431 563 3458 ’
911 3444 915 3450 ’
1137 3452 1139 3459 ’

183 3554 289 3619 Hunc
317 3553 404 3619 Jnlii
433 3554 580 3620 caesuris
607 3560 641 3619 et
667 3551 815 3636 Augusti
843 3552 1051 3636 temporibus
1090 3550 1244 3617 floruisse

129 3658 292 3742 pluribus
307 3659 510 3740 momentis
532 3658 745 3722 manifestum
760 3662 833 3721 est:
856 3673 994 3740 quorum
1006 3654 1148 3738 primum
1162 3654 1245 3720 illud

142 3765 226 3839 esto,
249 3760 342 3844 quod
368 3780 489 3844 nempe
516 3760 670 3826 Catullus
695 3759 805 3826 Poeta
828 3757 871 3823 ad
890 3778 967 3822 eum
983 3774 1071 3841 opus
1085 3777 1195 3835 suum,
1210 3764 1246 3823 ut

143 3882 243 3945 supra
256 3863 471 3941 ostendimus,
486 3863 663 3945 direxerit3
686 3882 784 3947 quom
805 3862 907 3927 Marii
921 3870 955 3927 et
968 3861 1071 3947 syllae
1087 3861 1246 3943 tempori·

142 3964 206 4028 bus
221 3971 337 4029 nutum
350 3982 428 4028 esse
441 3970 567 4030 certum
591 3970 654 4043 est,
675 3974 709 4030 et
734 3964 778 4030 ud
802 3964 974 4030 Caesarem
989 3980 1096 4047 usque
1107 3962 1179 4047 jam
1193 3981 1246 4027 re-

145 4083 214 4130 rum
229 4068 374 4149 pou'tnm
389 4068 593 4150 pervenisse.
637 4067 783 4147 Deinde,
805 4068 893 4133 huuc
918 4064 1089 4131 Ciceronis
1103 4063 1246 4129 familia-

145 4185 210 4232 rem
239 4175 380 4235 testatur
407 4169 540 4237 Gellius
567 4170 627 4237 lib.
659 4187 726 4238 xv,
756 4172 811 4237 28.
861 4169 1071 4234 ‘Cornelius
1102 4166 1246 4251 Nepos,'

147 4269 263 4356 inquit,
288 4275 345 4338 ‘ot
357 4290 464 4339 rorem
478 4274 646 4341 memoriae
661 4295 726 4341 uon
741 4273 932 4359 indiligens,
945 4278 979 4338 et
995 4268 1246 4348 M.'Cioeronis',
1328 4352 1333 4363 ,
