2967 4875
218 341 265 410 86
523 356 761 424 unsrrunrua
785 360 833 412 nv
854 362 1015 413 sunrcra

219 503 439 584 camelorum,
459 522 529 570 non
542 502 689 576 Romani
703 511 763 574 aut
773 508 910 576 omnino
925 507 1047 576 latini.
1075 507 1165 577 Ibid.
1186 508 1322 599 (xvrrt.

216 606 267 694 8.)
288 609 360 674 sic:
394 607 577 693 ‘Namque
602 609 662 676 illa
690 602 837 694 phalanx
872 611 1061 679 Alexandri
1091 612 1228 698 Magni,
1244 623 1321 702 qnia

218 711 339 778 Asiam
367 718 570 797 peragrarat,
604 711 840 797 deviceratque
869 713 1002 795 Persas,
1036 719 1217 785 inveterata
1244 739 1323 786 cnm

215 816 333 898 gloria,
355 820 423 880 tum
437 816 539 880 etiam
552 815 697 896 licentia,
718 835 786 882 non
805 837 922 902 parere
934 828 936 831 ’
947 839 986 884 se
1006 821 1161 900 ducibus,
1183 822 1244 886 sed
1257 822 1321 888 im·

216 939 336 1004 perere
351 919 562 1004 postulabat:
585 926 625 986 ut
638 939 728 986 nunc
738 923 885 987 veterani
899 922 1026 990 iaciunt
1038 925 1156 990 nostri.
1201 925 1321 1012 Itaque*

216 1021 403 1109 periculum
426 1030 489 1104 est,
510 1042 554 1087 ne
579 1022 713 1101 iaciant,
737 1023 828 1107 quod
856 1023 905 1090 illi
931 1026 1091 1105 fecerum,
1112 1047 1175 1093 sua
1199 1028 1321 1096 inteni-

216 1128 369 1210 perantia
382 1126 553 1210 nimiaque
568 1127 705 1191 licentia
718 1134 758 1193 ut
773 1129 885 1204 omnia
905 1129 1065 1212 perdant;
1087 1147 1194 1214 neque
1208 1132 1318 1197 minus

215 1249 288 1307 eos,
310 1249 386 1293 cum
411 1229 534 1312 quibus
558 1229 720 1307 steterint,
744 1249 845 1314 quam
860 1223 1023 1296 adversim
1047 1251 1133 1317 quos
1159 1232 1320 1300 fecerint:

214 1332 286 1399 Hic
300 1333 407 1411 locus,
432 1333 463 1398 si
486 1337 610 1398 attente
639 1333 877 1412 consideretur,
900 1351 1033 1419 unaque
1056 1335 1217 1419 legantur,
1239 1357 1320 1421 quae

214 1434 259 1501 ad
281 1455 359 1501 eum
382 1435 629 1514 annotavimus,
653 1436 801 1502 omnium
828 1437 1041 1521 apertissime
1065 1439 1192 1505 indicta
1214 1447 1319 1527 atque

214 1539 335 1623 arguit,
359 1538 457 1623 an'us
470 1537 545 1603 libri
562 1538 949 1621 scriptoremccnsulum
964 1513 1157 1622 amusium,
1178 1544 1319 1610 nonim-

212 1648 403 1729 peratcrum
417 1649 662 1726 perpetuorum,
687 1643 893 1725 temporibus
915 1650 952 1709 et
975 1643 1129 1710 floruisse
1155 1653 1190 1711 et
1211 1647 1320 1733 scrip*

212 1747 310 1814 sisse.
355 1744 397 1810 ln
424 1743 551 1810 Catone
577 1746 706 1822 (xxrv.
721 1742 771 1829 2.)
793 1745 861 1811 sic:
885 1747 967 1811 ‘Ibi
990 1747 1216 1816 cumdintins
1244 1767 1318 1815 mo·

211 1855 348 1927 veretur,
364 1846 407 1913 P.
423 1847 541 1931 Scipio
558 1843 752 1927 Africanus,
775 1849 892 1915 consul
904 1852 1032 1931 iterum,
1048 1851 1146 1936 cnjus
1160 1851 1318 1935 inpriore

212 1954 384 2020 consulatu
395 1956 545 2035 quaestor
554 1949 673 2027 irrerat,
688 1951 797 2015 voluit
810 1971 885 2015 eum
901 1951 942 2018 de
950 1953 1125 2038 provincia
1138 1952 1316 2037 depellere,

209 2064 247 2123 et
261 2057 336 2142 ipse
349 2056 381 2120 ei
395 2053 583 2120 succedere.
628 2051 754 2136 Neque
768 2053 833 2120 hoc
847 2074 908 2139 per
930 2063 1085 2121 senatum
1105 2054 1233 2124 efficere
1254 2075 1317 2141 po·

210 2159 286 2239 tuit,
307 2165 384 2225 cum
399 2156 534 2241 quidem
548 2155 666 2240 Scipio
686 2156 722 2218 in
743 2156 882 2222 civitate
896 2157 1121 2241 principatum
1134 2158 1317 2225 obdnerett

210 2263 301 2349 quod
313 2269 385 2330 tum
399 2279 464 2326 non
479 2259 642 2343 potentia,
664 2257 723 2322 sed
740 2258 829 2342 jure,
850 2259 1041 2344 respublica
1058 2260 1317 2326 admhisbnbm

210 2365 285 2439 tur!
328 2364 419 2445 Quis
446 2383 514 2432 non
528 2361 631 2442 videt,
656 2361 709 2428 his
731 2364 855 2447 paucis
880 2364 995 2430 verbis
1018 2366 1200 2451 potentiam
1214 2361 1317 2429 Pom·

207 2471 288 2557 peii,
312 2476 347 2534 et
373 2469 524 2535 maxime
548 2465 708 2542 Caesaris,
730 2467 881 2533 vellicari
910 2487 952 2535 ac
978 2471 1111 2534 notarii
1157 2467 1231 2533 His
1248 2465 1316 2535 tere

205 2573 408 2658 argumentis
432 2589 474 2634 ac
493 2570 692 2635 testimoniis
717 2571 753 2634 in
777 2569 865 2635 hanc
889 2571 1080 2655 opinionem
1096 2572 1257 2649 adducor,
1276 2572 1315 2635 ni

208 2694 268 2745 cos
281 2691 482 2755 magnopere
507 2671 579 2737 falli
599 2672 803 2750 existimem,
825 2674 884 2757 qui
907 2673 1007 2759 hujus
1026 2676 1102 2741 libri
1118 2676 1316 2759 scriptorem

208 2782 310 2847 aetate
320 2774 509 2841 Theodosii
523 2776 652 2839 vixisse
666 2776 932 2858 pronuntiarunt,
954 2778 1118 2860 quemvis·
1130 2777 1242 2859 magni
1254 2793 1315 2840 no-

79 2948 84 2955 ,
207 2881 308 2959 minis
323 2881 400 2958 siut,
415 2878 451 2942 in
466 2878 590 2962 quibus
600 2882 656 2942 est
681 2875 910 2945 Robortellns.
957 2878 1074 2947 Fuerit
1097 2882 1186 2944 enim
1206 2879 1314 2963 qm.

205 2982 332 3067 mmris
347 2981 481 3059 doctus,
496 2980 610 3045 multis
623 2981 657 3044 in
669 2980 777 3045 rebus
786 2978 888 3045 fuerit
902 2982 1055 3051 nemetum
1064 2986 1102 3047 'et
1116 2981 1312 3065 perspicax,

205 3088 312 3165 solers
324 3091 361 3151 et
385 3091 526 3150 acutus:
545 3083 725 3165 ignoscant
739 3083 820 3148 mihi
843 3092 955 3150 umen
971 3083 1156 3151 Robortelli
1178 3102 1314 3151 menes:

204 3190 242 3259 in
255 3190 320 3256 hac
334 3206 454 3272 parum
464 3186 562 3265 vidit,
577 3187 744 3270 valdeque
760 3186 822 3251 fuit
836 3187 971 3272 pinguis
984 3207 1026 3253 ac
1039 3187 1165 3252 tardus.
1210 3184 1314 3266 Quod

203 3299 315 3364 autem
329 3294 428 3357 etiam
443 3310 562 3356 versus
576 3289 619 3359 ad
633 3289 697 3355 boc
707 3290 916 3374 probandum
929 3289 1198 3374 afferunt,ilsque
1209 3286 1311 3356 valde

203 3398 403 3467 movebatur
421 3396 464 3473 is,
477 3414 576 3480 quem
600 3392 702 3458 modo
725 3393 999 3472 commemoravi,
1021 3391 1258 3476 Robortellus3
1280 3390 1313 3459 si

203 3500 282 3585 quis
304 3519 366 3565 eos
387 3504 517 3564 attente
542 3498 637 3578 leget,
660 3496 833 3578 intelliget,
848 3512 920 3567 non,
938 3501 1123 3573 auctorem,
1146 3504 1190 3573 et,
1203 3501 1242 3559 ut
1262 3495 1312 3559 ita

203 3603 328 3679 dicam,
338 3609 515 3684 ‘parentem
530 3600 605 3663 libri
620 3599 817 3681 significari,
831 3598 891 3662 sed
911 3600 1111 3682 scriptorem
1127 3599 1310 3675 librarian),

203 3704 240 3775 id
253 3713 319 3781 est,
341 3724 431 3782 eum,
447 3703 505 3788 qui
516 3722 622 3767 manu
642 3702 868 3785 descripserit,
883 3722 1075 3786 quanquam
1090 3701 1212 3766 diserte
1226 3701 1312 3769 crea

202 3827 278 3875 esse
291 3808 498 3890 descriptum
514 3826 536 3872 a
553 3807 671 3883 tubus,
688 3825 767 3882 avo,
779 3814 896 3881 matre,
913 3814 947 3871 et
964 3805 1045 3873 tilio.
1089 3806 1155 3871 Sed
1173 3809 1312 3888 prestet

201 3928 319 3977 versus
334 3910 534 3986 adscribere,
550 3914 588 3973 ut
604 3911 707 3974 lector
722 3909 875 3973 eraditus
890 3919 929 3973 et.
938 3909 1133 3991 ingeniosus
1149 3909 1308 3973 continno

202 4032 263 4100 per
291 4032 330 4077 se
354 4012 530 4093 intelligat,
552 4011 642 4075 unde
667 4016 746 4075 nata
769 4012 813 4076 sit
833 4012 969 4092 vulgata
988 4013 1116 4095 opinio,
1131 4011 1308 4077 AEmilinm

204 4115 543 4201 Probumessebujus
554 4116 629 4183 libri
640 4122 831 4181 auctorem:
847 4114 977 4194 ‘Vada
992 4114 1098 4192 liber‚'
1106 4099 1308 4200 18ω.(ρ.19).

203 4217 293 4300 Quis
307 4237 375 4285 non
388 4217 492 4297 videt,
507 4216 571 4285 bos
591 4235 708 4283 versus
723 4236 791 4283 uon
805 4217 915 4285 solum
929 4217 1144 4301 inelegantes,
1157 4215 1305 4300 ineptos,
