2967 4875
589 370 834 421 ruscusnrs.
1191 360 1258 427 tou

150 510 215 565 ines
224 517 312 565 sutem
326 516 467 580 sententis,
481 514 526 582 qui
535 516 687 581 reipublice
757 519 867 582 boetica
882 520 943 587 erse]
967 522 1033 574 ilaec
1052 523 1185 575 ciceronis
1203 524 1257 589 qui·

152 591 193 640 sit
208 588 308 655 infelix,
324 588 390 642 felix
408 607 466 643 esse
486 607 562 644 uerno
582 594 688 659 potest?
724 595 860 648 demeare
883 613 917 649 ex
938 598 1075 651 Ammiano
1100 608 1183 665 patet,
1210 601 1256 666 qul

150 666 196 717 Ut
215 670 288 719 Nero
308 670 404 733 Cesar,
423 676 451 720 et
468 670 550 735 Sylla,
571 671 687 737 qusrnris
725 675 899 727 ‘senteutiam
917 678 1079 729 Tullianam'
1100 687 1192 742 rocst;
1209 678 1257 729 scd

148 743 214 796 huic
226 746 321 796 Felicis
332 761 475 811 cognomen
487 746 585 799 dotum.
618 748 688 798 Vide
724 766 758 799 ex
777 752 901 818 Epistolis
920 755 952 804 sd
970 757 1101 821 Nepotem
1119 756 1257 825 desumpto

151 821 189 872 bd
198 818 281 872 Attis.
289 822 334 873 lib.
345 834 395 875 vrt.
412 822 505 874 Sobott.
724 841 776 877 nou
789 828 835 879 ait.
852 829 910 880 Bos.
943 828 1076 897 Suspicor,
1087 832 1128 881 vel
1145 832 1178 883 ab
1197 833 1255 896 ipso

190 898 305 950 curnilim
317 898 426 965 miuus]
451 901 540 951 Valet.
557 900 687 952 Maximus
724 902 880 956 Marcellino
891 905 1077 958 conformatum
1094 908 1143 959 boc
1163 923 1195 957 ex
1215 923 1258 958 sss·

149 974 202 1027 lib.
214 990 239 1029 v.
250 980 274 1029 8.
290 977 409 1027 ‘Viriuru
427 978 600 1029 Romsnsrunr
611 986 639 1030 et
649 980 687 1030 ln·
725 982 888 1047 perioribns;
905 985 946 1033 rei
958 999 1019 1035 ssue
1031 1000 1064 1035 ex
1075 986 1166 1036 eadem
1183 985 1257 1036 (lice-

151 1062 317 1107 crementum
328 1057 497 1122 letissimum,
504 1065 532 1108 et
540 1060 623 1108 tutela
632 1073 688 1109 cer·
725 1059 795 1114 ronis
813 1062 924 1127 epistola
941 1062 1122 1128 desumptum
1140 1063 1189 1113 loci
1201 1060 1257 1113 affi-

151 1134 256 1185 tissime
266 1136 359 1186 Furius
379 1135 511 1199 Camillus,
529 1136 555 1186 iu
566 1136 639 1188 Urbe
649 1137 688 1188 in·
724 1136 809 1187 nitate
820 1153 968 1203 persuasus,
979 1140 1048 1205 quod
1060 1139 1086 1189 iu
1097 1139 1189 1190 eodem
1200 1140 1257 1205 ipso

153 1212 333 1263 columitatem
344 1228 415 1263 suana
436 1213 504 1263 tueri
521 1228 572 1263 uon
589 1214 687 1278 raiuit3
725 1226 805 1264 xxti.
823 1215 971 1265 Marcellini
993 1216 1133 1280 repererim
1156 1224 1256 1266 utrum·

150 1287 231 1353 cujus
251 1289 307 1353 ipre
319 1290 427 1339 salutern
439 1287 594 1354 stabilierat,
605 1288 687 1340 t'elici·
725 1304 784 1355 qus,
807 1291 855 1341 boc
877 1299 995 1342 extremo
1017 1293 1093 1356 libro,
1120 1291 1184 1342 illud
1204 1307 1255 1342 non

153 1371 238 1417 tatem
254 1364 381 1417 auxerat!
414 1366 520 1432 Quippe
540 1365 584 1431 qui
602 1366 687 1433 Cape·
724 1371 816 1434 procul
834 1370 867 1419 ab
885 1370 968 1421 initio.
1002 1369 1033 1419 Iu
1049 1385 1101 1436 qus
1112 1368 1215 1436 quidem
1226 1382 1256 1419 re

152 1447 230 1495 mter
241 1449 269 1492 et
286 1441 428 1507 Pbsliscos,
444 1449 472 1491 et
489 1442 557 1507 quod
575 1443 686 1494 omniurn
723 1446 854 1512 integrum
869 1455 910 1499 est
921 1448 1015 1513 cuique
1027 1463 1042 1498 s
1053 1463 1094 1497 me
1106 1446 1256 1499 dissentire.

150 1534 310 1583 muumuru,
318 1519 415 1570 Urbem
425 1518 506 1570 Veios
518 1532 545 1569 x.
557 1521 631 1570 annis
642 1521 686 1570 ob·
724 1523 785 1573 Nou
796 1523 919 1573 dissimile
936 1524 1009 1586 illud,
1027 1522 1096 1589 quod
1107 1523 1140 1572 D.
1154 1523 1257 1588 Augus·

151 1611 250 1648 serram
261 1595 398 1661 adjecerat
414 1595 530 1661 imperio.
563 1596 631 1647 Vide
643 1598 686 1648 Li·
724 1598 770 1648 tin.
781 1598 824 1650 lib.
833 1613 860 1651 v.
872 1598 952 1650 civit.
964 1600 1139 1666 Dsi‚cap.27.
1148 1600 1255 1651 laudat:

151 1674 234 1736 mum,
245 1670 423 1736 Plutarchum,
441 1671 578 1737 Agelliuur.
609 1671 635 1724 Α
654 1674 685 1724 L.
724 1675 911 1741 ιΟιιιίιριηιιιι,
933 1677 975 1727 cui
996 1686 1107 1742 peceare
1135 1676 1232 1727 licebat
1240 1675 1257 1727 i’

151 1748 267 1817 Apuleio
275 1748 346 1801 Trib.
358 1749 442 1814 plebis
459 1750 486 1799 iu
502 1749 608 1800 exilium
620 1750 686 1817 ejec·
723 1750 802 1804 Quod
812 1752 846 1802 de
857 1753 888 1803 (L
901 1753 982 1804 Ciuos
993 1753 1031 1803 ait
1042 1752 1135 1803 Cicero
1151 1754 1257 1804 Tuscul.

154 1832 198 1878 tur
209 1834 257 1878 est.
290 1826 370 1892 Cujus
382 1833 442 1891 post
452 1826 516 1876 sllos
525 1825 624 1881 Seneos
633 1841 685 1877 me·
722 1841 751 1878 r.
782 1830 818 1880 Et
829 1828 867 1880 Tin
888 1829 1031 1880 Hortensio
1053 1828 1122 1894 apud
1145 1827 1256 1879 eundem

154 1905 231 1956 miuit
240 1919 267 1958 v.
280 1904 311 1954 de
323 1903 471 1955 Beneficiis.
486 1902 578 1956 Κακὴ.
724 1902 862 1969 Augustis.
874 1904 920 1956 lib.
933 1918 997 1956 xrtr.
1010 1920 1069 1971 cap.
1080 1912 1105 1956 o.
1117 1904 1151 1955 de
1165 1906 1257 1957 l'rioit.

185 1980 409 2046 idpsodrupierrt]
425 1977 687 2045 Regnumstiectssse
723 1981 830 2045 ‘Velle,
850 1982 917 2048 quod
945 1996 996 2032 non
1015 1982 1118 2047 deceat,
1144 1983 1258 2032 miserri-

153 2056 291 2122 Msnlium,
312 2063 415 2107 serrato
443 2056 580 2121 Capitolio,
607 2073 687 2124 supra
723 2072 810 2108 mum:
828 2073 877 2108 uec
889 2066 942 2109 tam
951 2058 1072 2109 miserum
1081 2066 1131 2123 est,
1139 2073 1190 2108 nou
1202 2058 1257 2109 sdi-

153 2132 262 2184 dictum.
300 2133 391 2185 'l'estes
414 2133 529 2199 Ageiiius
545 2140 574 2187 et
594 2135 686 2188 Cicero
723 2133 799 2199 pisci,
809 2134 876 2198 quod
886 2134 961 2197 reiis,
972 2149 1047 2201 quam
1059 2132 1169 2199 adipisci
1181 2135 1257 2201 velle,

154 2209 264 2261 Pbibrr.
723 2210 792 2278 quod
808 2223 859 2261 uon
876 2216 1006 2276 oporteat.
1040 2210 1183 2261 Pluseuins
1194 2211 1256 2262 maii

188 2286 291 2345 Quidum
301 2286 418 2352 osterum]
435 2289 478 2340 De
489 2288 611 2355 periculis
622 2289 687 2355 agit,
723 2288 839 2353 pravitas
850 2289 994 2339 uoluntatis
1006 2286 1103 2351 adfert,
1114 2301 1191 2353 quesn
1203 2285 1255 2350 sor·

152 2362 181 2416 in
199 2356 257 2433 quas
278 2367 366 2417 uocari
384 2367 536 2433 plerumque
557 2367 686 2419 Historiei
723 2363 1004 2432 tuuseuiqusmboni.'
1021 2362 1115 2415 Seiott.

151 2444 248 2495 solent.
281 2444 345 2509 Ejus
363 2444 403 2494 rei
420 2443 526 2496 inerunt
536 2445 685 2497 Cremutius
1249 2503 1252 2514 ,

152 2519 257 2572 coidil!
280 2522 349 2586 apud
369 2520 483 2572 Dionem
507 2529 536 2574 01
556 2522 685 2588 Tacitum,
764 2533 841 2587 lugu
852 2547 891 2587 A„
902 2534 1034 2587 Amcgjgg
1046 2535 1215 2589 „Nm-12,

150 2597 247 2651 Jnulns
274 2597 397 2649 Rusticus
425 2598 494 2664 apud
523 2599 686 2665 Suetonium,

130 2673 372 2740 -Hernrogeneset
386 2675 486 2726 Metius
500 2674 686 2742 Pomponianum
756 2675 858 2741 Nepotis
877 2676 1010 2742 epistolum]
1039 2675 1149 2727 Homeri
1170 2675 1254 2725 locum

151 2753 224 2820 apud
236 2753 353 2806 eundem.
372 2753 491 2806 nemrim.
723 2752 850 2817 respexit,
868 2759 898 2803 ut
907 2750 963 2803 iere
973 2753 1000 2802 iu
1011 2753 1051 2803 bis
1062 2752 1186 2819 epistolis,
1197 2765 1256 2803 eum

188 2830 353 2882 Formidostss
374 2846 412 2896 so,
440 2845 491 2897 quo
519 2827 685 2895 scriptoribus]
724 2823 959 2880 ad‘amicissirnum
979 2828 1177 2880 familiarissime
1194 2830 1256 2878 scri·

148 2905 497 2972 IngeussudsciaScbottil
521 2907 685 2973 Quippenon
722 2905 807 2957 beret.
838 2906 935 2957 Versus
947 2905 1055 2956 Homeri
1073 2911 1130 2956 est:
1153 2906 1204 2955 'tois
1214 2903 1257 2954 bn-

149 2983 235 3034 rolum
247 2999 295 3050 pro
302 2984 480 3036 Ciceronianis
490 2983 617 3049 venditat,
625 2997 684 3051 quas
722 2981 1053 3047 ausemupeetpomn
1060 2982 1188 3044 nuseium
1204 2983 1256 3033 lix·

150 3060 288 3112 Ciceronis
299 3076 350 3111 noa
366 3075 423 3112 esse
440 3059 517 3111 facile
528 3074 615 3111 omnes
627 3075 685 3124 per·
722 3060 805 3127 plicat
816 3074 878 3109 sero
890 3067 977 3122 acute,
988 3068 1018 3110 ut
1036 3060 1131 3123 orunla,
1142 3059 1258 3110 doctissi-

149 3137 276 3204 spiciunt,
285 3141 329 3206 qui
349 3138 627 3205 purissimiscriptorlr
639 3153 684 3189 su·
721 3151 779 3187 mus
800 3135 939 3186 Turnebus
957 3135 1068 3186 Adsers.
1091 3136 1137 3186 lib.
1156 3149 1195 3186 rx.
1214 3140 1256 3186 22.

151 3229 212 3265 runr
224 3216 256 3265 sb
267 3215 396 3266 Ammiani
407 3217 462 3266 luto
478 3221 574 3265 norunt
584 3214 684 3267 discer-
721 3212 812 3262 Sobott.
832 3212 899 3262 Vide
909 3212 987 3262 etism
999 3213 1155 3277 Seboppium
1166 3211 1193 3260 in
1205 3210 1256 3261 Pu·

150 3305 233 3357 nrrs3
249 3292 294 3342 sed
305 3293 383 3342 etium
395 3292 513 3359 pluscula
520 3290 553 3341 de
561 3307 607 3342 suo
618 3292 684 3342 inse-
721 3288 825 3339 rudoxis
834 3290 954 3339 literariis
965 3289 1048 3353 Epist.
1058 3294 1083 3339 5.

151 3369 216 3419 ruit.
248 3367 397 3419 Ammianus
405 3368 472 3418 enisu
482 3372 618 3433 postquem
627 3366 683 3417 ‹iis-
756 3367 823 3416 Male
832 3380 917 3415 umor
927 3367 956 3415 ds
964 3365 1066 3429 Nepotis
1068 3364 1257 3432 fitio‚ruldeme

151 3444 217 3495 isset
227 3444 276 3496 sibi
287 3459 368 3511 usqne
384 3444 417 3494 sd
434 3443 546 3495 conlisis
557 3443 685 3509 propioris
722 3441 814 3494 Mente
833 3456 934 3503 moeror,
954 3445 978 3490 et
997 3441 1093 3489 molem
1105 3439 1170 3500 sero.
1205 3440 1256 3490 Ne·

151 3521 285 3572 memoriae
294 3535 430 3587 progresso
438 3518 686 3585 fuissepropositnm
721 3521 821 3569 marm
847 3518 940 3567 orasiso
966 3529 1016 3567 esse
1041 3517 1114 3566 istum
1147 3515 1257 3581 puerum]

151 3596 252 3648 referre
270 3613 286 3649 s
304 3597 449 3650 notioribus
460 3597 563 3663 pedem,
580 3604 609 3648 ut
621 3599 686 3662 peri·
723 3597 807 3661 Epist.
819 3599 860 3647 lt.
882 3595 924 3645 De
934 3593 1047 3645 Cornelii
1057 3593 1111 3643 lilio
1130 3593 1256 3645 nihildum

153 3675 540 3740 culareritatlsupecontigoa
556 3676 686 3725 etintem·
724 3675 817 3740 reperi.
850 3674 938 3727 Quare
958 3670 1034 3721 valde
1053 3670 1167 3735 ambigo,
1186 3671 1256 3723 situs

153 3754 269 3818 pestlros
291 3766 411 3803 censores
429 3751 588 3813 declinaret3
604 3752 686 3802 solum
723 3749 766 3800 bic
786 3749 948 3813 cognationis
966 3761 1060 3797 nomeu
1090 3748 1189 3812 Nepos,
1214 3749 1257 3800 rel

152 3829 204 3880 ists
215 3828 339 3894 subjicit:
356 3829 441 3879 ‘Hes
451 3829 556 3893 quidam
567 3836 685 3879 relerurn
724 3825 824 3878 Caecilii
846 3825 954 3891 alicujus
981 3825 1084 3875 Metelli
1105 3840 1256 3891 cognomen.

153 3905 332 3962 formidantes,
348 3904 508 3969 cognitiones
526 3910 630 3953 actuum
641 3919 686 3954 ss·
723 3901 817 3955 Scisti.
856 3901 969 3965 Nepotis
994 3901 1093 3951 mentio
1120 3901 1151 3951 tit
1177 3903 1256 3952 etism

153 3981 250 4032 rionrm
259 3981 335 4045 stylis
346 3979 468 4029 uberibus
479 3979 623 4043 explicatas
634 3994 685 4030 non
722 3977 770 4030 lib.
780 3992 812 4031 rr.
846 3978 905 4028 Non
917 3977 1018 4042 dubito,
1034 3977 1091 4028 buc
1102 3979 1134 4027 ad
1147 3979 1256 4030 eundem

155 4055 263 4110 edidere
273 4056 436 4120 superstites,
455 4061 484 4105 ut
494 4056 520 4104 in
531 4055 640 4121 quadum
652 4055 685 4107 sd
722 4056 857 4120 Nepotem
868 4055 1011 4120 pertinere,
1027 4055 1059 4103 ad
1071 4069 1146 4119 quern
1159 4069 1257 4119 praece·

154 4133 234 4184 Corn.
248 4132 379 4197 Nepotem
389 4131 611 4196 epistolaTulllus
623 4148 686 4198 quo·
723 4132 788 4185 deur
798 4132 887 4184 locus:
904 4146 955 4183 nou
971 4138 1058 4182 sutem
1075 4130 1109 4184 sd
1122 4131 1256 4182 Caecilium

153 4223 205 4278 que
217 4207 291 4261 testis
309 4208 467 4259 reuerendus
484 4205 620 4263 adfirmet)
637 4211 686 4262 Bo·
724 4208 1004 4276 sliquem,utScbotto
1016 4207 1256 4262 iumeutemueuit.
1285 4225 1287 4228 ’

151 4302 207 4340 aus.
724 4285 821 4340 msa.
