2967 4875
271 422 309 470 iu
337 422 525 470 ninniouii.
546 422 725 471 narrans.
745 424 1065 476 rssnnvruouuu·
1133 411 1217 477 1747

160 565 200 629 In
217 581 254 629 x.
267 566 299 631 2.
316 566 403 632 infra
417 567 450 632 2.
465 571 497 632 4.
523 574 639 633 extant
658 569 761 634 variae
777 570 939 637 lectiones
954 580 989 637 et
1003 578 1092 639 notae
1119 573 1152 638 in
1165 571 1216 638 di·

110 687 231 733 versos
245 678 409 747 auctores,
427 671 513 734 inter
530 689 615 754 quas
629 676 706 736 sunt
722 680 814 737 notae
831 673 867 740 J.
882 673 923 740 P.
939 674 1122 756 D’Orville,
1145 675 1216 743 col·

111 769 195 835 latae
211 773 255 838 ad
269 773 446 838 editionem
463 773 646 839 Amstelod.
660 776 757 842 1706.
773 798 832 862 pp.
850 779 902 844 15.

158 874 204 941 Et
217 876 378 942 hactenus
392 878 433 942 de
460 878 731 945 Oxoniensibus:
755 879 796 945 de
817 883 917 948 codd.
938 884 1025 949 cuim
1041 882 1081 950 C.
1097 884 1216 970 Nepo-

111 979 158 1042 tis
175 981 210 1044 in
221 980 442 1047 Bibliothecis
457 981 606 1067 Collegg.
619 982 864 1051 Oxonlensium
874 986 956 1052 nihil
971 986 1171 1053 audivimus.

478 1242 603 1309 Codices
626 1242 856 1310 Dublinienses.

158 1395 200 1462 in
222 1398 385 1466 aionon.
404 1380 544 1483 Colligit
568 1403 696 1465 sancta
720 1398 893 1467 Trinitatis
917 1400 1009 1486 apua
1025 1400 1217 1468 Dionnum

108 1501 265 1567 codicem
295 1510 412 1569 extare
433 1509 596 1569 memorat
626 1503 735 1569 Catal.
766 1505 854 1570 Mss.
878 1503 978 1589 Angl.
1012 1511 1047 1570 et
1076 1503 1217 1571 Hibern.

111 1604 186 1671 No.
201 1608 276 1673 407.
303 1609 363 1692 qui
386 1609 469 1673 iuter
493 1605 562 1672 alia
587 1606 734 1671 continet
757 1604 836 1693 (art.
851 1611 897 1687 4.)
920 1606 1055 1672 Daretis
1081 1606 1218 1694 Phrygii

109 1706 303 1773 Historiam
339 1708 382 1774 de
403 1708 603 1775 vastatione
635 1705 749 1793 Trojee
773 1728 796 1774 a
817 1707 976 1775 Cornelio
1002 1708 1139 1795 Nepote
1163 1707 1219 1796 (ut

108 1811 229 1890 fertur)
243 1812 286 1877 dc
301 1811 424 1879 Graeoo
438 1812 474 1891 in
488 1810 643 1899 Latinum
660 1831 844 1877 sermonem
857 1814 1065 1879 translatam.

156 1915 287 1982 'lbibuit
300 1935 435 2001 quoque
444 1915 534 1981 idem
548 1914 656 1980 Catel.
667 1914 725 1979 isti
740 1914 901 1982 Biblioth.
909 1915 996 2003 (No.
1004 1911 1100 2001 489.)
1113 1914 1218 1981 alium

109 2020 264 2085 codicem
280 2021 337 2106 qui
354 2019 501 2086 continet
513 2019 626 2097 etiam,
649 2018 732 2082 inter
747 2019 826 2099 aba,
850 2019 991 2085 eandem
1018 2017 1218 2097 Historiam,

108 2124 168 2189 cui
181 2124 362 2210 praeligitur
376 2121 532 2211 Epistola
547 2120 698 2188 Cornelii
713 2121 757 2186 ad
772 2120 969 2189 Sallustium
984 2122 1028 2188 de
1043 2119 1174 2188 eadem

490 2384 616 2454 Codices
634 2384 850 2452 Eborocenses.

156 2555 197 2621 ln
226 2557 386 2624 Biblioth.
412 2557 447 2624 S.
478 2557 569 2625 Petri
595 2555 686 2641 apud
719 2556 922 2631 Eboracum,
954 2549 1023 2616 No.
1051 2547 1127 2614 407.
1153 2548 1217 2628 (sie

109 2661 236 2726 saltem
260 2661 401 2745 legimus
425 2660 459 2725 iu
475 2661 584 2728 Catal.
608 2661 696 2725 Mss.
718 2657 818 2741 Angl.
840 2665 876 2724 et
893 2652 994 2739 Hib.)
1016 2652 1130 2720 codex
1154 2657 1217 2731 est,

13 2821 18 2828 .
109 2765 331 2848 amplectens,
350 2766 435 2830 inter
448 2765 527 2842 alia,
544 2764 680 2828 Daretis
695 2761 833 2847 Phrygii
851 2759 942 2825 Hist.
958 2759 1000 2823 do
1018 2756 1216 2834 Vastatione

109 2866 239 2954 ijae,
254 2889 276 2934 a
290 2868 449 2935 Cornelio
465 2868 599 2952 Nepote
613 2867 667 2952 (ut
680 2863 796 2948 fertur)
810 2865 851 2929 de
866 2863 990 2930 Graeco
1008 2861 1044 2927 in
1058 2858 1221 2925 Latinum

110 2991 294 3037 sermonem
315 2993 459 3040 versam.
505 2971 572 3038 No.
585 2970 662 3036 409.
679 2963 840 3047 continet,
863 2966 1045 3043 interulis,
1067 2962 1217 3048 ejusdem

112 3074 207 3141 Hist.
234 3079 418 3162 exemplar,
449 3079 505 3144 cui
528 3075 710 3161 praefigitur
731 3073 843 3158 Epist.
859 3069 1004 3137 Cornelii
1019 3067 1064 3133 ad
1090 3064 1218 3131 Sallus·

109 3179 195 3244 tium
223 3180 266 3244 de
291 3179 421 3246 eadem.
484 3177 539 3247 Ita
563 3180 678 3245 saltem
705 3178 800 3256 olim,
833 3195 867 3240 n.
898 3173 997 3240 1694.
1034 3168 1218 3236 secundum

111 3283 225 3350 catat.
253 3285 338 3350 Mss.
362 3282 464 3369 Angl.
479 3290 513 3350 et
537 3283 621 3349 Hib.
647 3281 708 3347 sed
730 3299 911 3357 nonnunc,
936 3276 1001 3341 nisi
1016 3277 1218 3340 commenta·

110 3388 185 3454 rioli
200 3389 314 3467 nostri,
329 3389 364 3453 in
377 3408 420 3454 ea
438 3386 644 3452 bibliotheca
659 3383 829 3468 quondam
844 3377 951 3456 relati,
966 3376 1131 3442 deficiant.

157 3490 331 3556 Hactenus
346 3491 388 3555 de
402 3488 577 3556 codicibus
593 3485 740 3552 Cornelii
758 3482 905 3567 Nepotis
932 3477 1155 3546 Britannicis:
1177 3473 1219 3540 de

110 3595 238 3658 exteris
254 3615 284 3660 v.
299 3593 334 3659 J.
349 3592 388 3657 F.
405 3591 555 3658 Fischeri
571 3588 674 3656 Praef.
690 3606 793 3673 supra
808 3606 842 3670 p.
858 3586 892 3650 7.
906 3603 980 3668 sqq.
