2967 4875
631 379 734 430 vrrs.
1186 369 1231 436 17

133 523 306 602 1111111ιί,
320 523 568 609 mariamque
580 524 720 590 baberet
736 523 895 591 fiduciam
919 526 1027 610 Regni
1052 528 1230 597 Persarum

132 623 295 711 potiundi,
308 629 399 690 tanta
410 626 576 692 modestia
589 626 681 693 dioto
695 627 832 692 audiens
847 628 911 694 suit
918 631 1027 715 jussis
1042 633 1231 700 absentium

53 787 58 792 .
132 726 402 811 Magistratuum,
421 735 460 793 ut
484 730 514 793 si
542 729 695 813 privatus
717 731 755 795 in
779 729 923 796 Comitio
950 741 1045 798 esset
1074 735 1229 820 Spartae:

132 832 227 917 cujus
254 831 447 915 exemplum
467 832 594 898 utinam
617 831 841 917 Imperatores
862 835 966 899 nostri
988 837 1084 919 sequi
1106 837 1231 902 voluis·

131 933 223 998 sent'
268 934 340 999 Hic
367 934 475 1014 loeuS,
501 935 621 1020 iuquit,
643 935 776 1013 clamat,
797 932 978 1000 Auctorem
1006 937 1108 1022 hujus
1136 938 1231 1005 Libri

131 1053 266 1121 carpere
281 1043 315 1102 et
328 1043 443 1103 111111
458 1038 613 1123 Pompeii
626 1044 662 1103 et
676 1037 837 1116 Caesaris,
853 1039 913 1112 sed
928 1042 1075 1105 maxime
1086 1040 1232 1108 (laseris

130 1140 313 1228 potentiam
326 1162 391 1206 non
405 1140 586 1220 terendam,
602 1141 661 1227 qui
687 1142 865 1225 imperium
890 1147 924 1205 et
947 1144 1130 1207 exercitum
1151 1146 1231 1210 reti·

129 1259 202 1306 uere
214 1243 304 1308 ultra
318 1250 450 1328 tempus
464 1244 535 1328 lego
554 1262 753 1310 concessum
767 1243 918 1311 voluerit.
947 1242 1004 1309 Ad
1019 1245 1111 1309 aliud
1126 1251 1231 1312 trans·

129 1362 181 1422 eo,
208 1345 305 1431 quod
326 1366 371 1411 ex
393 1346 544 1411 Eumene
569 1345 779 1434 deducitur2·
806 1346 890 1412 ‘Sic
922 1346 1127 1412 Macedones
1153 1369 1232 1416 vero

128 1447 254 1513 milites
275 1468 318 1514 ea
345 1455 423 1514 tnnc
452 1455 544 1514 erant
566 1450 668 1529 fama,
695 1470 766 1536 qua
790 1470 877 1516 nnuc
907 1449 1051 1516 Romani
1077 1451 1232 1519 feruntur.

130 1547 259 1616 Etenim
273 1571 408 1636 semper
418 1552 524 1618 babiti
538 1559 617 1619 sunt
636 1553 823 1633 fortissimi,
839 1555 897 1638 qui
912 1573 1074 1619 summam
1092 1553 1233 1639 imperii

129 1653 337 1736 potirentur.'
379 1640 700 1740 At,inquit‚1ocns
725 1657 780 1721 ille
810 1656 958 1721 declarat
978 1655 1066 1722 huuc
1092 1656 1233 1722 Iibmm

127 1775 200 1820 esse
223 1758 489 1842 scriptumque
510 1763 656 1842 tempore
679 1757 834 1841 Populus
856 1757 955 1824 Rom.
979 1759 1119 1842 Imperii
1141 1773 1232 1824 snm·

128 1878 215 1922 mam
227 1860 412 1938 obtinebat,
424 1864 487 1931 811.
518 1858 699 1944 Supersunt
713 1859 781 1924 duo
795 1865 921 1924 tautum
932 1861 1139 1927 testimonia
1163 1861 1231 1926 Sed

21 2019 27 2028 .
128 1961 160 2024 in
173 1982 243 2027 uno
259 1962 371 2027 solum
384 1962 509 2041 haereo,
522 1962 653 2046 hocque
675 1963 776 2027 etiam
792 1963 827 2032 iu
843 1961 991 2029 Eumene
1006 1964 1057 2030 sic
1074 1965 1231 2030 babebit:

127 2062 311 2149 ‘Namque
330 2064 391 2130 illa
405 2063 564 2129 Phalanx
577 2061 677 2130 Alex.
693 2062 745 2128 Μ.
760 2084 837 2147 quae
852 2062 972 2130 Asiam
987 2066 1166 2145 devicerat,
1182 2067 1232 2132 in·

127 2173 278 2235 retemta
305 2188 384 2232 cum
406 2167 525 2251 gloria,
552 2166 747 2232 tumetium
776 2166 923 2244 licentia,
949 2187 1017 2232 non
1045 2188 1165 2252 parere
1193 2188 1232 2234 se

128 2270 295 2349 Ducibus,
311 2271 373 2335 sed
398 2271 563 2354 imperare
586 2269 800 2354 postulabat:
822 2274 861 2332 ut
883 2285 970 2334 nunc
996 2269 1156 2335 Veterani
1181 2271 1232 2336 fa·

128 2374 228 2440 ciunt.
277 2374 395 2461 ltaque
410 2373 597 2459 periculum
623 2378 675 2441 est
698 2391 740 2437 ne
763 2370 901 2450 saciant,
916 2370 1006 2455 quod
1021 2371 1073 2437 illi
1086 2371 1235 2439 iecerunt

15 2490 17 2495 ·
127 2496 188 2541 sua
216 2477 479 2563 intemperantia
506 2476 675 2559 nimiaque
702 2474 848 2553 licentia,
874 2479 912 2537 ut
940 2475 1053 2539 omnia
1079 2475 1232 2560 perdant,

125 2599 230 2663 neque
243 2580 355 2645 minus
369 2598 428 2645 eos
443 2597 519 2644 cum
533 2579 657 2663 quibus
680 2577 842 2655 steterint,
857 2594 960 2660 quam
975 2576 1133 2641 adversus
1146 2596 1233 2662 quos

126 2680 289 2747 fecerint?
332 2680 403 2746 Hic
417 2682 514 2746 locus
530 2681 560 2744 si
576 2685 701 2744 attente
719 2677 959 2756 consideretur,
976 2679 1083 2763 inquit
1096 2679 1234 2747 lambi·

125 2802 199 2862 nus,
214 2803 351 2869 unaque
373 2784 521 2866 legantur
549 2802 625 2866 quer
652 2782 696 2846 ed
719 2802 794 2847 eum
821 2782 1065 2860 annotavimus,
1083 2783 1232 2848 omnium

126 2888 340 2968 apertissime
364 2885 493 2951 indicat
520 2891 619 2970 11111
648 2885 757 2968 arguit
787 2884 889 2968 bujus
914 2883 1008 2948 Libri
1034 2885 1232 2969 scriptorem

128 2987 311 3065 Consulum
327 3009 523 3067 annuorum,
538 3008 605 3053 nou
626 2988 864 3073 Imperatorum
893 2992 1129 3071 perpetuorum
1151 2993 1247 3051 tem·.

126 3091 267 3176 poribus
288 3096 322 3157 et
344 3093 497 3157 floruisse
519 3097 553 3156 et
567 3091 757 3176 scripsisse.
802 3090 860 3155 Sic
877 3096 984 3154 autem
1001 3088 1184 3153 Lambinus
1198 3090 1234 3153 in

126 3190 411 3259 Annotatiouibus
428 3194 472 3261 ad
498 3193 586 3259 hunc
615 3195 729 3259 locum
752 3194 870 3259 babet:
894 3192 1029 3257 ‘Etiam
1054 3192 1109 3255 hic
1138 3192 1234 3259 locus

128 3296 261 3374 clamat,
275 3297 377 3382 hujus
393 3296 486 3361 Libri
500 3293 682 3361 Auctorem
702 3296 855 3361 floruisse
878 3302 976 3361 aetate
999 3293 1049 3357 Μ.
1063 3293 1178 3372 Tullii,
1200 3297 1235 3358 et

129 3396 312 3482 Pomponii
333 3397 451 3476 Attici,
472 3402 505 3462 et
531 3397 594 3463 Cn.
610 3396 779 3482 Pompeii,
804 3405 837 3463 et
862 3395 901 3462 C.
918 3396 1003 3460 Julii
1028 3395 1187 3473 Caesaris,
1202 3402 1236 3461 et

128 3518 196 3583 quo
210 3508 361 3586 tempore
384 3501 522 3565 lababat
548 3500 656 3585 Resp.
681 3501 784 3569 Rom.
802 3508 837 3567 et
858 3500 901 3564 ad
924 3499 1131 3583 tyrannidem
1157 3517 1235 3583 pro·

128 3602 318 3683 pendebat3
340 3602 487 3668 nondum
502 3607 613 3668 autem
627 3623 766 3687 prorsus
781 3604 818 3667 in
833 3605 933 3667 unius
946 3607 1110 3686 potestate
1123 3619 1236 3665 versa-

129 3702 238 3768 batur.
296 3704 374 3784 Quo
404 3708 515 3771 miuus
543 3706 704 3775 credibile
733 3713 786 3771 est
820 3712 919 3772 aetate
947 3725 1022 3770 eum
1051 3702 1236 3769 'l'beodosii

129 3804 280 3872 vixisse’
326 3808 384 3873 Sic
406 3815 519 3875 autem
533 3810 683 3895 queritur
709 3809 758 3873 M.
773 3809 903 3876 Tullius
929 3808 970 3872 de
994 3806 1237 3871 Veteranorum

131 3909 290 3991 superbia
314 3916 349 3975 et
374 3912 573 3995 arrogantia,
599 3913 750 3997 Philipp.
766 3929 822 3977 xi.
850 3911 1090 3995 ‘Quanquam
1117 3908 1237 3972 Patres

15 4080 16 4111 1
132 4015 325 4097 conscripti,
339 4035 514 4101 quousque
530 4015 708 4081 sententias
723 4015 877 4080 dicemus
892 4013 1135 4081 Veteranorum
1149 4008 1237 4075 arbi·

15 4114 16 4185 J
132 4114 244 4177 tratu‘t
267 4116 357 4201 quod
373 4135 488 4181 eorum
503 4117 685 4195 fastidium,
699 4137 777 4201 quae
797 4122 890 4181 tanta
915 4114 1106 4198 arrogantia
1120 4118 1184 4192 est,
1198 4115 1238 4178 nt

135 4212 178 4311 ad
190 4216 364 4282 arbitrium
377 4238 492 4317 eorum
506 4219 609 4285 etiam
624 4219 851 4305 Imperatores
865 4218 1050 4303 deligamus
1062 4214 1088 4282 l'

199 4331 287 4398 nepa
296 4340 320 4384 et
335 4332 394 4388 Ver.
404 4336 471 4386 Cice.
658 4338 723 4402 Nep.
1145 4332 1170 4383 B
