2967 4875
657 397 759 450 riri.
1194 377 1239 447 19

139 553 172 616 ot
189 545 294 636 hujus
320 545 398 614 libri
419 541 663 631 exscriptorem
695 545 809 632 potios
831 559 907 610 esse
929 563 1031 631 quam
1058 531 1236 619 auctorem,

140 649 360 736 patetexhis
372 648 546 717 uersibus:
770 639 775 646 ’
917 661 921 668 ’
1038 637 1042 644 ’

181 753 296 832 Vade,
311 752 414 819 Lrirer
427 757 553 831 noster,
566 751 637 817 iuto
652 743 790 818 meliore
801 755 979 829 momento,

221 855 312 922 Gom
327 857 413 939 leget
422 856 499 923 iroec
514 855 693 934 Dominus,
706 860 741 920 te
758 856 845 921 sciat
856 873 930 920 esse
941 874 1064 921 meum.

183 957 242 1023 Ne
254 960 375 1025 timeus
387 960 482 1025 fulvo
499 951 636 1024 strictos
652 957 853 1024 Diademato
869 959 987 1037 crines,

227 1060 388 1128 Ridentes
399 1062 559 1127 blondum
572 1063 628 1128 vel
640 1062 763 1146 pietate
777 1051 904 1128 oculos.

180 1162 384 1229 Communis
398 1157 722 1244 earnemcarnem
739 1183 776 1228 se
788 1179 891 1247 regna
904 1170 1014 1230 tenore

224 1266 297 1332 Sed
310 1265 591 1345 meminit,'r‘mcit
604 1266 680 1332 hinc
691 1267 800 1348 magis
813 1266 870 1331 ilie
883 1267 1043 1333 homiues.

80 1441 85 1452 ,
185 1368 350 1436 Ommtur
362 1369 509 1437 steriles:
530 1369 643 1434 facilis
656 1361 785 1434 tectura
799 1366 931 1447 Libelli,
1086 1379 1090 1388 '

144 1513 148 1518 ·
172 1475 176 1482 ’
229 1471 433 1554 Theodosio,
448 1468 605 1538 otddctis
619 1469 769 1536 carmina
781 1469 871 1535 nuda
884 1471 1028 1556 placent.

183 1574 225 1641 Si
239 1582 336 1660 rogat
347 1575 540 1654 Auctorem,
551 1574 714 1661 paulatim
725 1569 846 1659 detege
860 1581 1010 1640 nostrum

227 1677 326 1745 Tunc
342 1680 490 1745 Domino
501 1698 640 1745 nomen:
662 1698 717 1744 me
731 1680 819 1744 sciat
832 1697 907 1744 esse
920 1678 1080 1744 Probum.

187 1778 339 1868 Corpore
353 1785 387 1848 in
400 1784 480 1862 hoc,
494 1799 611 1849 manus
626 1789 677 1848 est
689 1782 871 1867 genitricis,
885 1781 1020 1867 avique,
1033 1801 1193 1871 meaque3

135 1907 138 1911 “
231 1885 374 1966 Felices,
389 1887 525 1953 Domini
538 1907 613 1971 quoe
627 1881 776 1952 meruere
788 1885 929 1952 manus!
1029 1873 1032 1878 ⁹

145 1990 226 2057 Hos
239 2008 358 2055 versus
383 1998 544 2074 nuquam
566 1991 701 2075 ineptos
714 1996 749 2055 et
760 1991 848 2055 malo
868 1995 966 2056 natos
981 1991 1092 2076 arguit
1113 1989 1249 2056 Lambi-

144 2091 222 2173 nus,
245 2093 348 2157 immo
372 2094 416 2157 ab
444 2087 559 2179 aliquo
590 2083 771 2182 Nebuloue
789 2091 927 2158 indocto
949 2100 982 2159 et
1002 2094 1162 2171 barbaro,
1190 2101 1250 2157 aut

144 2196 321 2280 scriptore
343 2193 496 2261 Librario
518 2197 580 2260 vix
602 2194 801 2274 semidoct0‚
815 2213 891 2260 esse
904 2196 1028 2263 iactos.
1073 2196 1118 2261 Et
1144 2196 1248 2281 paulo

143 2299 322 2384 suptrius:
345 2297 472 2377 ‘Quod
502 2296 638 2378 arotom,'
659 2297 783 2381 inquit,
820 2300 946 2364 ‘otiam
973 2317 1093 2365 versus
1119 2298 1165 2365 ud
1186 2298 1251 2363 hoc

142 2388 359 2489 'probandum
372 2399 526 2480 afferunt,
541 2401 654 2485 iisque
664 2396 764 2465 valde
778 2401 975 2466 movebatur
984 2403 1026 2482 is,
1039 2420 1139 2488 quom
1151 2399 1252 2466 modo

143 2505 421 2583 commemoravi,
437 2503 673 2571 Robortelius:
695 2502 819 2586 siquis
833 2520 893 2567 eos
908 2508 1030 2570 attento
1044 2503 1143 2587 leget,
1158 2503 1253 2568 intel·

148 2608 238 2691 liget,
261 2627 330 2674 non
345 2607 539 2684 Auctorem,
550 2612 600 2682 et,
622 2611 659 2670 ut
679 2603 728 2669 ite
750 2604 874 2682 dicam,
890 2604 1065 2670 Potentem
1079 2603 1173 2669 Libri
1187 2606 1254 2688 sig-

147 2710 290 2790 nificari,
314 2711 373 2776 sed
394 2710 599 2795 Scriptorum
621 2705 822 2785 Librarium,
843 2705 961 2785 idest,
983 2726 1057 2772 eum
1072 2707 1131 2793 qui
1152 2725 1251 2772 manu

148 2812 384 2897 descripserit?

190 2914 292 2980 Unde
307 2913 460 2981 Andreae
478 2913 638 2981 Scirottus
660 2914 793 2981 scribit}
813 2910 979 2978 ‘brorum
994 2913 1038 2978 de
1051 2910 1123 2978 vita
1135 2918 1170 2978 et
1184 2931 1255 2977 mo-

150 3018 243 3082 ribus
268 3016 506 3084 excellentium
530 3006 677 3084 Graeciae
705 3016 949 3102 Imperatorum
975 3016 1019 3083 ad
1039 3015 1108 3081 Tit.
1134 3015 1256 3103 Pomp.

150 3119 318 3199 Atticum,
351 3120 518 3205 sequioris
546 3121 663 3185 aetatis
692 3117 834 3185 Auctori
856 3118 996 3185 AEmilio
1023 3118 1135 3184 Probo
1164 3119 1259 3185 attri-

152 3224 278 3288 buunt:
302 3216 406 3307 auco
419 3222 539 3307 swius,
554 3220 687 3288 dicendi
702 3218 887 3302 character,
900 3221 1010 3288 Attici
1025 3225 1121 3301 uetus,
1136 3222 1258 3289 multu·

152 3346 219 3410 que
233 3325 454 3409 abjudicant!

196 3427 296 3494 ‘Hic
321 3426 420 3513 ergo,'
446 3425 540 3513 (cum
551 3422 1004 3514 Savuroueexclamemus)
1025 3430 1106 3494 ‘suo
1129 3428 1259 3493 auctori

152 3530 321 3609 reddatur,
337 3549 436 3615 quem
446 3531 517 3594 sibi
531 3528 710 3596 Uomeiius
733 3529 855 3614 Nepos
872 3531 969 3617 justo
984 3531 1082 3596 titulo
1096 3529 1258 3611 vindicat,

14 3706 17 3713 Δ
152 3652 322 3719 quemque
336 3652 454 3699 coaevo
465 3652 531 3698 suo
545 3640 579 3698 et
592 3632 750 3699 familiari
772 3631 895 3718 Pomp.
911 3633 1026 3699 Attico
1040 3633 1145 3714 dedit,
1160 3634 1260 3720 cujus

150 3739 255 3801 ctiam
280 3740 398 3819 rogatu
419 3737 523 3801 vitam
546 3734 598 3802 Μ.
623 3734 762 3802 Catonis
785 3736 964 3821 separatim
987 3736 1132 3822 scripsit,
1155 3742 1190 3801 ot
1210 3736 1260 3801 iili

154 3844 338 3923 superstes,
364 3838 650 3922 elegantissimam
679 3838 831 3924 ejusdem
868 3841 948 3905 vitae
983 3838 1261 3905 consuetudinem

152 3941 322 4025 elegantis
345 3942 419 4026 puri
441 3948 641 4026 prosecutus
663 3941 736 4008 ost!
794 3941 866 4007 Nec
881 3948 1006 4033 estlcur
1021 3941 1112 4006 dicat
1136 3940 1260 4024 aliquis

157 4062 233 4108 cum
245 4042 403 4110 Berthio:
426 4043 605 4110 ‘AEmilius
618 4044 763 4124 Probus,
776 4046 810 4111 iu
825 4065 901 4111 aevo
912 4044 1106 4122 Theodosii,
1116 4042 1261 4109 Cornelii

160 4144 305 4230 Nepotis
320 4147 491 4213 Librosiu
506 4145 685 4233 Epitomen
708 4148 853 4233 redegit!
898 4147 1056 4233 Namque
1078 4146 1168 4210 aliud
1191 4145 1262 4211 Ne-
1375 4146 1379 4155 ’

159 4264 221 4333 pos
241 4250 318 4336 ipse
339 4240 564 4317 concinuitate
579 4270 619 4316 uc
641 4236 802 4316 breuitate
818 4248 882 4317 sua
897 4250 1122 4332 demonstrat3
1156 4248 1259 4336 idque
