2967 4875
480 447 529 495 na
551 446 745 496 eoananro
768 445 928 497 narona.
1209 437 1253 501 37

143 595 178 657 et
189 588 282 655 male
294 585 405 670 natos,
420 607 536 656 wem
558 591 661 656 etiam
686 593 730 656 ab
745 591 859 677 aliquo
880 591 1047 657 nebulone
1066 593 1203 660 indocto
1219 605 1254 661 et

142 694 300 772 barbaro,
316 702 439 773 aot,na
451 693 534 778 quio
550 695 686 777 gravius
697 693 819 771 dicam,
836 714 858 758 a
869 696 1033 778 scriptore
1043 697 1180 763 librario
1193 699 1251 764 rix

143 795 343 873 semidoeto,
373 815 448 861 esse
476 797 609 862 saetosi
644 816 785 881 qnorum
814 797 844 860 si
870 798 968 861 velim
994 798 1121 880 singula
1149 803 1253 868 verba

138 900 243 986 justis
256 898 467 984 ponderibus
480 900 670 964 examinare
684 907 719 963 et
734 899 894 984 amabas
915 900 1082 985 pedesque
1097 901 1251 983 dimetiri,

143 1008 178 1076 et
199 1003 402 1068 sententiam
417 1002 631 1087 perpendere,
652 1009 685 1065 et
696 1002 782 1067 vitia
803 1003 917 1067 omnin
936 1003 1053 1086 digito,
1070 1013 1129 1070 ant
1151 1008 1252 1074 etiarn

143 1113 228 1174 antu
248 1106 416 1188 indicar03
438 1108 578 1191 probem
601 1108 815 1189 quantumvis
833 1115 893 1172 ant
913 1109 1093 1191 pervicaci,
1116 1121 1175 1174 aut
1197 1113 1252 1177 he·

142 1210 225 1288 neti,
237 1209 359 1292 dignos
380 1229 466 1288 esse,
483 1210 540 1295 qni
563 1205 735 1276 levissimo
750 1212 850 1276 alicui
873 1218 908 1276 et
928 1212 1094 1278 vilissimo
1112 1213 1253 1280 ludima-

142 1312 266 1396 gistro,
276 1331 428 1378 rersnnm
441 1314 693 1380 seribendonnn
710 1317 875 1399 prurigine
889 1323 1037 1400 perusto,
1048 1326 1082 1379 et
1096 1318 1254 1382 versibus

141 1415 312 1480 inscitiam
328 1421 430 1500 atque
443 1416 656 1481 inscientiam
679 1436 776 1482 snam
789 1419 946 1483 omnibns
961 1417 1154 1498 declaranti,
1169 1419 1259 1484 nihil.

141 1524 307 1602 praeterea
322 1521 528 1603 assequenti,
543 1540 605 1585 sen
622 1521 737 1605 potina
752 1541 863 1606 coquo
881 1522 1018 1604 iuligine
1032 1533 1201 1608 cooperto,
1218 1531 1253 1590 et

142 1621 354 1687 mundns
369 1622 594 1709 sordibusque
601 1627 735 1710 popinae
748 1626 916 1711 sqnaiido,
931 1627 1127 1692 tribuantur.
1156 1627 1251 1693 Hae·

142 1727 354 1808 tennaigitnr
367 1726 411 1793 de
422 1734 586 1812 tempore,
600 1736 632 1792 et
647 1736 747 1793 estate
759 1731 864 1794 nostri
878 1731 1049 1814 scriptoris
1063 1730 1139 1796 sita
1154 1732 1251 1796 nobis

142 1827 361 1914 disp-term.
406 1830 509 1897 Nune
532 1831 574 1897 de
596 1833 739 1909 nomine,
767 1852 828 1896 sen
851 1833 1043 1902 nominibus
1065 1832 1250 1898 rideamus

141 1929 197 1996 Ac
219 1933 365 2017 primunr
388 1935 431 1999 ab
447 1930 576 1999 AEiarilio
594 1935 723 2001 initiam
743 1953 924 1999 sumamus
971 1933 1119 1999 AEmilins
1140 1935 1251 2018 igitur,

141 2053 215 2115 aen,
230 2042 272 2102 nt
284 2037 341 2102 aiii
356 2039 517 2117 scribunt,
532 2035 693 2116 dimidias,
709 2055 829 2104 nomen
842 2046 896 2103 est
907 2041 1040 2121 gentile,
1057 2039 1160 2123 idqne
1175 2057 1250 2125 per·

141 2140 329 2224 antiquum,
354 2148 387 2206 et
406 2141 509 2208 vaide
534 2144 659 2221 nobile,
682 2150 795 2208 notnm
819 2143 966 2227 denique
995 2144 1162 2221 omnibnS,
1190 2143 1246 2228 qni

139 2242 245 2307 libros
259 2242 402 2310 latinos
413 2245 466 2310 rei
482 2248 621 2311 snrnrnis
634 2245 751 2328 digitis
767 2246 957 2326 attigerunt.
1003 2244 1148 2308 Fuerunt
1163 2246 1251 2309 enirn

143 2341 271 2410 M
288 2345 452 2428 Bardntae,
470 2346 596 2413 AErailii
608 2344 705 2432 Papi,
719 2345 843 2411 AEmilii
858 2343 971 2425 Paeti,
989 2344 1113 2411 AEmiiii
1125 2343 1251 2432 Lepidi.

141 2446 270 2514 Prodat
292 2459 406 2518 antem
427 2470 610 2535 cognomen
631 2459 697 2528 est,
712 2451 748 2515 id
771 2458 836 2530 est,
852 2451 989 2517 familiae
1014 2471 1145 2532 nornen,
1167 2454 1252 2518 anti·

139 2554 223 2636 quis·
234 2556 396 2637 ignotam,
411 2563 446 2620 et
454 2556 693 2640 posterioribus
707 2557 925 2640 temporibus,
937 2559 1059 2641 quibua
1074 2558 1138 2621 snb
1153 2557 1250 2623 nnius
1309 2532 1323 2557 ⁶

138 2657 280 2722 atinio
294 2664 328 2722 et
343 2664 511 2743 potestate
524 2678 579 2723 rer
593 2657 763 2738 Romana,
779 2668 881 2744 atque
896 2659 982 2724 adeo
990 2661 1080 2724 orbis
1089 2667 1250 2726 terrarum

137 2762 346 2839 vertebatur,
358 2769 486 2828 aetum.
531 2760 637 2828 Extat
650 2760 796 2827 Ausonii
811 2763 966 2847 epistota,
987 2762 1102 2827 ordine
1122 2777 1247 2842 xvua,

138 2864 365 2931 «memnone
391 2864 620 2950 christophori
651 2864 811 2944 Plautini,
840 2864 884 2929 ad
914 2862 1057 2928 Prodnm
1084 2864 1250 2951 quendam

138 2966 340 3049 prasentare
362 2968 533 3051 pretorio,
550 2968 649 3053 cnjus
674 2968 831 3053 epistolae
852 2968 984 3033 initium
1005 2976 1074 3033 est-2
1098 2964 1251 3035 ‘Oblata

138 3071 530 3155 perannquarioannn
556 3073 629 3141 acio
651 3074 810 3156 promissi
827 3072 965 3155 gratiam
991 3074 1252 3156 exspectatione

139 3180 384 3259 emnptam,
400 3174 524 3253 Probe,
538 3177 591 3241 vir
608 3175 760 3261 optime}
774 3179 835 3242 doe.
865 3176 1020 3259 Sequitnr
1033 3176 1192 3261 deinceps
1206 3175 1250 3243 ad

139 3276 288 3342 mn
311 3277 486 3343 dimetrum
518 3280 703 3345 iambicum
730 3280 795 3345 hoe
823 3279 1006 3364 principio:
1044 3278 1198 3360 ‘Perge
1227 3300 1249 3346 o

137 3378 265 3459 mue,
282 3379 450 3460 simion,
461 3381 512 3447 Et
523 3381 578 3448 die
593 3382 680 3448 hero
694 3402 787 3462 meo,
802 3390 839 3448 ei
853 3381 935 3461 tn0,’
949 3386 1010 3448 &c
1054 3382 1109 3447 Ex
1124 3383 1249 3467 quibus

139 3480 324 3566 iniafligore
334 3482 523 3560 linearum
535 3483 685 3550 Probnm
695 3504 853 3570 magnum
866 3485 1044 3572 quendam,
1065 3493 1098 3550 et
1109 3486 1248 3566 clarum,

139 3587 333 3650 ammio
338 3586 520 3653 honoribus
528 3596 684 3661 ornatum
696 3590 805 3655 virum
816 3590 934 3668 fnisse,
946 3594 991 3666 et,
1005 3589 1094 3673 qnod
1103 3589 1249 3656 fortasse

139 3689 249 3773 magis
263 3688 309 3753 sd
322 3709 392 3754 rem
415 3691 570 3775 pertinet,
586 3691 746 3759 disertm
770 3700 805 3759 et
824 3692 1042 3776 eloquentem.
1086 3690 1144 3757 Sic
1160 3695 1249 3759 enim

140 3785 318 3857 Ausonius
339 3791 376 3861 in
398 3792 457 3857 illo
481 3792 639 3860 dimetro:
663 3794 794 3860 ‘Hunc
818 3794 907 3875 dico,
921 3796 980 3879 qui
1001 3795 1115 3880 lingua
1129 3801 1249 3880 potens

141 3890 311 3959 Minorem
332 3891 485 3961 Atridam
508 3899 654 3982 praeterit
667 3896 807 3965 Orando
827 3914 951 3983 pmcn,
968 3903 1002 3963 et
1020 3898 1162 3975 musica,
1178 3897 1249 3977 Qui

141 3996 318 4077 grandines
330 3994 480 4082 Uiyssei,
489 4005 522 4063 et
534 3999 786 4066 Mellidnentem
797 4000 960 4080 Nestora,
970 3999 1249 4066 Concinnatorern

141 4096 354 4174 et'liriiinml
368 4103 429 4165 &n
476 4099 585 4167 Porro
605 4108 868 4187 attemptaret
891 4103 942 4170 Μ.
958 4102 1131 4169 Aurelium
1145 4101 1250 4168 Vale«

141 4197 226 4269 tiu
249 4200 673 4286 Probumibperatorem,
688 4207 756 4291 qni·
771 4207 950 4291 imperavit
972 4224 1080 4271 annos
1102 4206 1249 4290 quinque

144 4304 324 4370 ammes
338 4309 497 4391 qmtnor,
513 4324 603 4375 anno
615 4326 639 4375 a
650 4306 790 4379 caneo
804 4314 886 4377 nato
901 4320 1103 4389 oenxxrx,
1125 4303 1248 4371 Probet
