2967 4875
446 398 628 453 conorari
652 398 822 456 aaronis.
1115 386 1182 458 718

85 550 175 634 qnos
188 551 284 617 extat
296 549 397 615 Tom.
413 564 457 617 u.
480 546 653 616 Corneliis
666 546 817 636 Nepos)
838 547 941 619 editio
961 547 1084 619 Franc.
1100 546 1181 619 Nic.

83 653 197 734 tine,
211 653 354 739 primum
366 652 506 737 vulgata
519 652 651 738 Pragee,
673 652 771 721 1818.
792 652 870 721 svo.

132 754 172 821 G.
201 755 352 843 Nepotis
389 753 637 822 Excellentinm
668 740 910 840 Imperatorum
940 753 1040 822 Vitae.
1096 753 1185 822 Cum

86 854 311 941 Frngmeutis,
327 862 365 923 et
375 858 480 923 variis
495 855 726 924 lectionibus
749 855 862 925 Oxou.
877 857 972 924 1815.
990 858 1100 925 lhuo.

132 957 232 1024 Gom.
247 957 376 1044 Nepet
385 958 488 1038 Vita,
506 961 569 1025 ito.
594 958 730 1044 adjecto
746 958 888 1026 Lexico.
930 958 1115 1027 Edittcnem
1129 979 1188 1027 cu·

90 1060 183 1128 ravit
197 1059 247 1126 11.
263 1059 385 1127 Christ.
410 1059 501 1127 Frid.
518 1060 709 1128 Lattmann.
731 1061 827 1147 lips
846 1061 944 1130 1816.
964 1062 1042 1130 8vc.
1084 1062 1189 1128 Lexi-

89 1182 159 1230 con
183 1164 266 1231 iiber
297 1164 363 1229 den
385 1162 482 1231 Corn.
508 1163 641 1250 Nepos,
666 1171 720 1230 est
743 1165 844 1231 etiam
869 1166 1048 1250 separatim
1061 1165 1189 1233 venale.

92 1269 104 1299 ‘
119 1265 273 1346 Tuus:
287 1266 336 1333 ait
350 1265 523 1351 Kihgling,
538 1267 590 1332 ‘in
604 1267 670 1332 hac
685 1264 830 1332 editione
843 1271 898 1331 est
909 1266 1072 1350 vulgaris3
1087 1266 1192 1332 Lexi-

91 1387 160 1433 con
183 1373 295 1435 autem
311 1369 403 1435 cedit
423 1369 459 1434 iu
472 1367 616 1435 utih'tate
629 1387 671 1433 ac
691 1369 889 1452 praestantia
902 1364 1192 1434 schmederimo:

92 1468 250 1536 Lexicon
273 1468 373 1556 Benj.
397 1471 489 1537 Frid.
510 1469 719 1537 Schmiederi
741 1470 866 1556 prodiit
886 1469 1019 1537 auctius
1038 1476 1194 1537 etemen·

92 1571 210 1638 datius
226 1572 331 1638 Halm
352 1572 452 1641 1816.
472 1575 550 1641 dvo.

139 1673 247 1756 vite,
269 1680 330 1742 tto.
365 1674 557 1744 Editioriem
580 1679 618 1743 in
640 1695 738 1743 usum
763 1675 952 1743 scholarum
972 1671 1196 1760 paravitJac.

95 1775 223 1843 Brand.
267 1777 387 1844 Franct
413 1777 458 1844 ad
482 1778 655 1848 111817.
686 1777 764 1844 810.
823 1777 923 1845 Prior
943 1772 1046 1845 editio
1069 1775 1198 1863 prodiit

94 1877 295 1946 18111810.

143 1983 293 2050 Cornelii
317 1981 467 2068 Nepotis
482 1980 587 2064 Vitae,
612 1988 676 2052 &c
700 2003 748 2050 ex
762 1984 908 2051 editione
921 1972 1104 2069 Augustini
1116 1979 1197 2047 Van

97 2086 276 2163 staveren,
306 2088 339 2149 et
374 2084 554 2169 Pomponii
579 2082 682 2151 Mela
712 2085 940 2170 Geographia,
971 2104 1017 2151 ex
1053 2083 1198 2151 editione

97 2186 285 2256 Abrahami
314 2184 490 2253 Gronovii.
544 2184 730 2252 Recensuit
755 2194 791 2253 et
824 2187 997 2255 accuravit
1029 2185 1201 2252 Johmnes

98 2288 227 2373 Garey,
243 2285 314 2353 LL.
329 2287 374 2352 D.
395 2285 507 2352 l8mo.
529 2284 637 2353 Lond.
651 2285 751 2352 1819.

148 2389 189 2458 G.
203 2388 352 2476 Nepotis
365 2387 471 2468 Vitae,
487 2392 550 2456 &n
574 2409 650 2457 cnm
674 2388 883 2476 Fragmentis
905 2389 1053 2460 etvariis
1068 2386 1202 2456 lectio·

100 2495 215 2561 nibus.
238 2492 350 2560 Oxou.
366 2491 464 2559 1819.
479 2490 559 2559 810.

150 2596 191 2663 G.
207 2595 355 2682 Nepotis
368 2593 472 2675 vite,
496 2598 558 2662 &c-
580 2592 702 2679 quihus
722 2594 887 2662 accedunt
908 2595 1036 2661 notula
1052 2590 1204 2677 Anglica

102 2704 142 2765 et
163 2696 389 2778 Quaestionem
420 2696 543 2763 Studio
568 2695 783 2782 G.Bradley,
820 2695 978 2777 londini,
995 2697 1033 2761 in
1056 2694 1206 2761 AEdibns

104 2798 299 2886 Valpianis,
313 2799 412 2867 1821).
427 2799 538 2866 12mo.

155 2902 209 2967 De
222 2900 527 2968 Dissertationihus
551 2899 586 2965 in
608 2898 792 2985 Nepotem,
816 2899 859 2968 de
873 2897 1103 2986 Compendiis,
1126 2897 1208 2965 etsi

107 3002 309 3089 quisalius,
325 3002 416 3089 quod
431 3004 475 3068 ah
490 3001 617 3069 exteris
641 3004 809 3087 prolatum
832 3003 943 3083 fuerit,
968 3000 1208 3069 dissererencn
1327 2993 1332 3002 ”

108 3104 312 3173 conabimur.
344 3105 383 3170 si
396 3105 451 3170 cui
463 3106 578 3171 harum
591 3123 700 3170 rernm
714 3106 761 3172 sit
768 3104 987 3187 desiderium,
1003 3103 1208 3182 Fabricium,

109 3205 314 3285 Ernestium,
340 3204 547 3286 Harlesium,
567 3205 800 3292 Kluglingium
814 3209 985 3276 consulatt
1006 3209 1108 3275 immo
1122 3225 1209 3292 pra·

110 3308 265 3374 cedentis
281 3306 422 3375 Notitiae
443 3309 549 3374 lector
562 3306 719 3392 quaedam
733 3309 798 3375 huc
820 3309 1020 3394 pertinentia
1033 3310 1106 3395 jam
1125 3306 1210 3373 satis

110 3409 323 3476 intellexerit.
374 3407 486 3475 Unam
511 3415 640 3476 tantum
661 3409 939 3478 Dissertationem
960 3413 996 3479 iu
1018 3408 1211 3476 cornelium

111 3511 317 3590 notabimus,
345 3529 368 3575 a
400 3511 621 3595 sagacissimo
647 3518 682 3579 et
708 3512 906 3580 doctissimo
931 3512 1006 3580 viro
1031 3512 1065 3579 J.
1091 3510 1211 3591 Jortin,

114 3612 153 3679 8.
167 3611 210 3678 Τ
225 3610 267 3678 Ρ.
290 3610 435 3697 Anglice
452 3615 626 3701 scriptam,
649 3632 727 3699 qnae
742 3616 868 3682 extat
857 3635 893 3681 rn
906 3614 983 3702 ejus
994 3611 1212 3681 'lhactatihns

113 3713 375 3801 philosophicis,
394 3715 533 3796 criticis,
547 3722 582 3784 et
593 3716 827 3784 miscellaneis

162 3813 240 3882 Nec
263 3822 411 3883 noenum
433 3824 486 3885 est
507 3818 670 3885 editiones
691 3818 825 3885 Daretis
848 3816 985 3904 Phrygii
1007 3822 1042 3885 et
1062 3813 1215 3884 Pseudo-

118 3915 264 4004 Dictyos
287 3917 505 3986 describendo
527 3920 686 3988 lectorem
708 3921 840 3989 morari.
884 3920 1067 3989 Versiones
1080 3918 1214 3986 latinae

117 4019 237 4084 horum
260 4017 606 4106 historiographorum
620 4026 737 4089 nostro
751 4020 883 4107 Nepoti
904 4041 1080 4109 perperam
1100 4016 1216 4088 tributi

120 4122 222 4200 sunt3
244 4125 279 4186 et
293 4120 335 4186 de
356 4121 410 4187 his
424 4121 558 4207 quidem
573 4121 750 4190 Fabricius
764 4131 798 4191 et
822 4124 997 4192 Emestius
1010 4124 1118 4191 facem
1131 4138 1217 4205 pm·

121 4219 285 4289 stitemnt.
337 4219 385 4289 At
406 4224 631 4304 nihilominus,
661 4232 700 4291 ut
727 4225 844 4294 harum
870 4225 1078 4295 historiarum
1106 4220 1217 4290 varios
