2967 4875
211 380 259 452 ἃ
370 405 378 416 ’
579 398 764 452 coenum
786 397 947 454 suroris

213 552 252 616 et
271 548 330 632 qni
352 550 511 626 maxime,
535 547 665 614 amicum
690 547 934 633 familiarisque
955 546 1042 614 suit?
1084 547 1192 615 Immo
1213 547 1315 617 aisse

214 650 359 727 eundum
376 650 548 719 ciamus
569 651 680 737 Epist.
703 650 825 718 librum
851 651 895 716 ud
922 651 1091 736 Nepotem
1117 651 1314 719 Macrobius

215 757 307 833 citat,
329 754 460 822 Seium.
482 756 541 821 lib.
570 771 612 820 rr.
634 756 668 821 1.
683 756 788 842 eujus
810 756 890 820 hac
910 761 986 820 suut
1013 758 1134 821 verba:
1171 756 1313 822 ‘Testis

213 858 304 930 idem
318 856 450 937 Cicero,
465 860 524 942 qui
537 860 572 923 iu
584 858 671 925 libro
685 857 911 942 Epistularum
929 857 974 923 ad
984 858 1180 924 Comelium
1195 857 1316 943 Nepo-

88 1003 90 1012 «
214 968 282 1034 tem
296 962 456 1040 secundo,
471 963 521 1028 sic
535 962 602 1027 ait?
646 962 696 1041 Si,
716 962 845 1045 itaque,
870 960 1045 1027 lumiliaris
1067 959 1240 1027 Ciceronis
1253 962 1317 1028 fuit

215 1062 314 1130 com.
330 1064 471 1149 Nepos3
506 1066 536 1130 si
558 1064 601 1129 ed
618 1084 697 1130 eum
720 1063 831 1148 Epist.
844 1063 905 1129 lib.
921 1080 962 1130 11.
978 1066 1126 1149 scripsit,
1140 1072 1230 1131 certe
1243 1084 1317 1130 am·

214 1168 277 1233 bos
291 1168 400 1234 fuisse
419 1174 608 1234 coaetaneos
621 1187 760 1234 necesse
783 1173 856 1233 est:
879 1173 977 1253 etque
992 1168 1076 1233 adeo
1091 1187 1171 1233 curn
1185 1167 1317 1233 'luffim

216 1272 281 1336 sub
308 1269 400 1336 Julio
426 1277 463 1336 et
493 1270 648 1353 Augusto
670 1271 946 1355 Caesareaeque
971 1272 1015 1336 ad
1038 1270 1187 1350 Antonii,
1216 1269 1319 1337 Octa·

214 1374 272 1452 rii,
302 1379 336 1438 et
360 1373 480 1459 Lepidi
503 1373 764 1441 Triumuiratum
787 1374 921 1452 vixerit,
947 1372 998 1436 luis
1026 1392 1159 1457 quoque
1188 1379 1318 1458 tempo

213 1478 309 1554 ribus
323 1476 456 1543 Cornel.
479 1477 648 1562 Nepotem
662 1477 794 1542 vixisse
808 1476 986 1542 dicendum
1000 1481 1064 1542 est.
1110 1474 1210 1541 Adde
1224 1475 1317 1561 quod

216 1577 386 1663 Nepotem
410 1578 597 1664 Augustaeo
620 1600 697 1646 aevo
719 1579 860 1658 obiisse,
882 1579 1017 1644 Plinius
1038 1579 1098 1644 lib.
1114 1595 1170 1644 rx.
1186 1578 1242 1644 39.
1263 1580 1318 1645 iris

216 1682 326 1747 verbis
353 1681 518 1748 testatur:
562 1682 714 1766 ‘Nepos
748 1679 934 1759 Cornelius,
972 1681 1031 1764 qui
1061 1680 1142 1744 Diri
1171 1679 1320 1763 Augusti

215 1782 408 1868 principatu
428 1786 523 1864 obiit,
545 1804 611 1863 me,
626 1784 748 1868 inquit,
759 1782 886 1868 juvene
901 1783 1053 1850 violacea
1064 1803 1213 1867 purpura
1225 1784 1320 1867 rige·

216 1884 295 1950 bat?
339 1886 403 1953 Cui
415 1889 564 1971 opinioni
577 1886 763 1971 respondet
783 1886 953 1952 Eusebius
966 1888 1000 1950 iu
1014 1884 1202 1951 Chronico:
1224 1889 1235 1922 ⁴
1251 1885 1320 1952 Oc·

215 1989 343 2055 taviani
358 1989 493 2076 Imperii
508 2011 595 2057 anno
605 1996 736 2075 quarto,
749 1989 950 2076 Olympiade
972 2004 1117 2054 cxxcv.
1133 1988 1232 2056 Gom.
1248 1987 1321 2054 Ne·

217 2111 282 2180 pos
294 2093 444 2178 Scriptor
465 2095 658 2161 Historicus
679 2094 792 2159 clarus
812 2090 970 2158 habetur?
1014 2090 1104 2170 Quae
1126 2092 1320 2157 testimonia

215 2196 252 2260 iu
279 2217 320 2262 eo
348 2198 568 2276 consentiunt,
598 2202 637 2262 ut
665 2196 797 2262 Comei.
830 2194 1000 2280 Nepotem
1029 2192 1168 2273 Catulli,
1198 2193 1318 2275 Tullii,

218 2298 315 2380 Julii,
341 2300 544 2385 Octaviique
557 2300 706 2369 Gesseris
721 2306 928 2368 comteuenm
947 2297 1051 2374 fuisse
1071 2297 1247 2365 manifeste
1260 2318 1322 2365 ex·

260 2504 341 2571 Jmn
361 2527 462 2573 unum
483 2509 648 2594 reliquum
670 2515 723 2572 est
737 2507 831 2592 quod
854 2507 1087 2589 absolvamus3
1109 2511 1158 2587 ut,
1179 2508 1319 2586 scilieet,

126 2638 129 2647 s
219 2613 314 2691 quot,
329 2628 476 2693 quaeque
491 2629 629 2693 operum
643 2629 766 2693 genera
780 2609 955 2675 Cornelius
967 2618 1084 2675 noster
1097 2609 1225 2690 fecerit,
1241 2628 1323 2693 epe-

218 2708 352 2775 riamus.
397 2709 535 2776 Certum
556 2718 608 2777 est
629 2720 749 2794 eutem,
772 2718 894 2798 praeter
915 2711 1054 2781 librum
1075 2714 1167 2778 hunc·
1187 2711 1231 2776 de
1251 2712 1323 2777 vitu

219 2812 453 2878 excellentium
468 2812 720 2899 Imperatorum,
726 2815 812 2880 alios
821 2816 1011 2899 complures
1019 2816 1209 2901 scripsisse,
1223 2832 1323 2899 quos,

220 2914 417 2981 selincuria
428 2916 598 2983 homiuum
612 2918 669 2983 vel
683 2918 806 3002 injuria
826 2926 1024 3005 temporum,
1040 2918 1224 2985 amisimus.
1268 2914 1324 2981 Ac

218 3017 328 3103 primo
342 3023 408 3084 tres
423 3018 650 3086 Historiarum
664 3022 781 3100 libros,
794 3022 918 3106 quibus
932 3041 1030 3087 omne
1047 3040 1159 3088 serum
1173 3040 1325 3106 compre-

219 3118 379 3199 henderit,
403 3122 532 3207 liquido
556 3129 698 3189 testetur
721 3123 873 3189 Catullus
894 3124 967 3208 jam
991 3124 1161 3189 multoties
1187 3123 1324 3203 citatus,

110 3234 116 3247 ·
219 3221 315 3289 initio
328 3223 708 3310 Hendecasyllaborum,
722 3245 822 3311 quem
833 3226 945 3291 locum
958 3245 1065 3310 nuper
1078 3225 1303 3292 laudavimus.

394 3329 405 3362 ‘
419 3326 442 3392 J
444 3346 499 3393 am
513 3334 595 3405 tum,
609 3348 684 3393 eum
700 3346 805 3392 ausus
819 3346 857 3392 es
870 3346 953 3421 uups
968 3326 1130 3392 Italorum

415 3426 525 3494 Omne
538 3449 647 3495 sevum
659 3430 767 3495 tribus
780 3428 950 3513 explicare
960 3429 1098 3510 chartis,

357 3568 360 3573 ·
417 3531 552 3610 Doctis,
563 3531 718 3615 Jupiter!
740 3536 775 3595 et
788 3531 991 3609 laboriosis,’
1004 3535 1066 3597 &c

199 3633 388 3713 saunas,
418 3653 455 3698 se
481 3634 606 3699 librum
631 3632 672 3697 de
697 3632 885 3697 Historicis
907 3631 1041 3697 Graecis
1069 3634 1326 3719 conscripsisse,

220 3736 364 3820 ipsemet
376 3735 410 3799 iu
426 3734 537 3799 Dione
559 3734 612 3800 his
634 3735 748 3799 verbis
762 3742 1022 3799 commemorat:
1045 3737 1056 3767 ‘
1071 3733 1141 3800 Sed
1154 3735 1197 3799 de
1211 3736 1276 3802 hoc
1290 3738 1327 3803 id

221 3856 262 3903 eo
276 3854 350 3902 meo
365 3837 451 3902 libro
466 3837 563 3921 plura
577 3842 655 3902 suut
675 3838 845 3921 exposita,
860 3838 919 3920 qui
931 3835 973 3899 de
985 3835 1170 3903 Historicis
1192 3838 1327 3906 Grecis

222 3941 433 4024 eouscriptus
457 3939 529 4005 est.’
574 3940 757 4019 Proeteree,
770 3942 950 4025 seperatim
966 3940 1024 4004 lib.
1040 3941 1083 4005 de
1105 3940 1242 4007 Catonis
1256 3944 1328 4010 via

221 4042 401 4126 scripsisse
416 4041 570 4127 ejusdem
584 4045 689 4108 verbe
710 4043 872 4120 indicant,
882 4043 955 4127 jam
970 4044 1004 4106 iu
1020 4034 1155 4109 ‘Catone
1169 4045 1325 4128 superius

219 4137 359 4215 laudere
385 4148 449 4212 sub
478 4146 587 4213 duem
632 4147 800 4215 Chronica
827 4145 949 4231 pariter
980 4147 1172 4230 scripsisse,
1198 4165 1244 4210 ex
1270 4146 1326 4211 his

220 4246 323 4320 Gellii
335 4251 460 4333 uerbis,
482 4250 540 4319 lib.
566 4266 666 4321 xvir.
688 4252 747 4322 21.
773 4250 1018 4340 comperimusr
1050 4246 1326 4319 ‘maneum
