<?xml version="1.0" encoding="UTF-8"?>
<!DOCTYPE html PUBLIC "-//W3C//DTD XHTML 1.0 Transitional//EN"
    "http://www.w3.org/TR/xhtml1/DTD/xhtml1-transitional.dtd">
<html xmlns="http://www.w3.org/1999/xhtml" xml:lang="en" lang="en">
 <head>
  <title>
</title>
<meta http-equiv="Content-Type" content="text/html;charset=utf-8" />
  <meta name='ocr-system' content='tesseract 3.04.00' />
  <meta name='ocr-capabilities' content='ocr_page ocr_carea ocr_par ocr_line ocrx_word'/>
</head>
<body>
  <div class='ocr_page' id='page_1' title='image "./corneliineoptis00fiscgoog/corneliineoptis00fiscgoog_0030.png"; bbox 0 0 2967 4875; ppageno 0'>
   <div class='ocr_carea' id='block_1_1' title="bbox 217 381 956 452">
    <p class='ocr_par' dir='ltr' id='par_1_1' title="bbox 217 381 956 452">
     <span class='ocr_line' id='line_1_1' title="bbox 217 381 956 452; baseline 0 -7"><span class='ocrx_word' id='word_1_1' title='bbox 217 381 261 446; x_wconf 88' lang='grc'>16</span> <span class='ocrx_word' id='word_1_2' title='bbox 416 409 418 416; x_wconf 93' lang='grc'><strong><em>·</em></strong></span> <span class='ocrx_word' id='word_1_3' title='bbox 589 397 771 447; x_wconf 77' lang='lat' dir='ltr'>coarrnnn</span> <span class='ocrx_word' id='word_1_4' title='bbox 798 398 956 452; x_wconf 78' lang='lat' dir='ltr'>nssrorts</span> 
     </span>
    </p>
   </div>
   <div class='ocr_carea' id='block_1_2' title="bbox 182 541 1370 4334">
    <p class='ocr_par' dir='ltr' id='par_1_2' title="bbox 182 541 1370 4334">
     <span class='ocr_line' id='line_1_2' title="bbox 218 541 1317 629; baseline 0.001 -18"><span class='ocrx_word' id='word_1_5' title='bbox 218 544 304 611; x_wconf 85' lang='lat' dir='ltr'>siani</span> <span class='ocrx_word' id='word_1_6' title='bbox 319 542 386 608; x_wconf 85' lang='lat' dir='ltr'>sevi</span> <span class='ocrx_word' id='word_1_7' title='bbox 401 561 591 627; x_wconf 82' lang='lat' dir='ltr'><strong>quenquam</strong></span> <span class='ocrx_word' id='word_1_8' title='bbox 615 541 730 622; x_wconf 77' lang='lat' dir='ltr'>adum,</span> <span class='ocrx_word' id='word_1_9' title='bbox 753 543 854 629; x_wconf 87' lang='lat' dir='ltr'>hujus</span> <span class='ocrx_word' id='word_1_10' title='bbox 879 544 992 629; x_wconf 89' lang='lat' dir='ltr'>operis</span> <span class='ocrx_word' id='word_1_11' title='bbox 1013 549 1180 610; x_wconf 77' lang='lat' dir='ltr'><strong>auctorem</strong></span> <span class='ocrx_word' id='word_1_12' title='bbox 1202 544 1317 627; x_wconf 82' lang='lat' dir='ltr'>fuisse,</span> 
     </span>
     <span class='ocr_line' id='line_1_3' title="bbox 217 643 1320 734; baseline 0.003 -22"><span class='ocrx_word' id='word_1_13' title='bbox 217 662 301 734; x_wconf 83' lang='lat' dir='ltr'>pure</span> <span class='ocrx_word' id='word_1_14' title='bbox 323 649 358 712; x_wconf 86' lang='lat' dir='ltr'>et</span> <span class='ocrx_word' id='word_1_15' title='bbox 381 643 536 710; x_wconf 87' lang='lat' dir='ltr'>Romana</span> <span class='ocrx_word' id='word_1_16' title='bbox 560 644 661 730; x_wconf 87' lang='lat' dir='ltr'>hujus</span> <span class='ocrx_word' id='word_1_17' title='bbox 683 644 778 711; x_wconf 83' lang='lat' dir='ltr'>Libri</span> <span class='ocrx_word' id='word_1_18' title='bbox 801 644 906 712; x_wconf 91' lang='lat' dir='ltr'>dictio</span> <span class='ocrx_word' id='word_1_19' title='bbox 929 645 1179 712; x_wconf 82' lang='lat' dir='ltr'>evidentissime</span> <span class='ocrx_word' id='word_1_20' title='bbox 1201 651 1320 732; x_wconf 86' lang='lat' dir='ltr'>arguit.</span> 
     </span>
     <span class='ocr_line' id='line_1_4' title="bbox 217 743 1370 836; baseline 0 -19"><span class='ocrx_word' id='word_1_21' title='bbox 217 748 364 817; x_wconf 79' lang='lat' dir='ltr'>Accedit</span> <span class='ocrx_word' id='word_1_22' title='bbox 378 752 413 813; x_wconf 92' lang='lat' dir='ltr'>et</span> <span class='ocrx_word' id='word_1_23' title='bbox 427 746 534 813; x_wconf 87' lang='lat' dir='ltr'>altera</span> <span class='ocrx_word' id='word_1_24' title='bbox 553 747 679 833; x_wconf 84' lang='lat' dir='ltr'><strong>duplex</strong></span> <span class='ocrx_word' id='word_1_25' title='bbox 703 748 800 827; x_wconf 89' lang='lat' dir='ltr'>ratio,</span> <span class='ocrx_word' id='word_1_26' title='bbox 816 745 908 833; x_wconf 91' lang='lat' dir='ltr'>quod</span> <span class='ocrx_word' id='word_1_27' title='bbox 931 747 1085 814; x_wconf 88' lang='lat' dir='ltr'>nimirum</span> <span class='ocrx_word' id='word_1_28' title='bbox 1104 748 1160 836; x_wconf 82' lang='lat' dir='ltr'>(ut</span> <span class='ocrx_word' id='word_1_29' title='bbox 1184 749 1220 815; x_wconf 92' lang='lat' dir='ltr'>in</span> <span class='ocrx_word' id='word_1_30' title='bbox 1242 750 1319 836; x_wconf 88' lang='lat' dir='ltr'>ejus</span> <span class='ocrx_word' id='word_1_31' title='bbox 1367 743 1370 750; x_wconf 73' lang='grc'><strong>’</strong></span> 
     </span>
     <span class='ocr_line' id='line_1_5' title="bbox 218 847 1320 942; baseline 0 -23"><span class='ocrx_word' id='word_1_32' title='bbox 218 852 288 919; x_wconf 87' lang='lat' dir='ltr'>vita</span> <span class='ocrx_word' id='word_1_33' title='bbox 300 851 409 936; x_wconf 82' lang='lat' dir='ltr'>inquit</span> <span class='ocrx_word' id='word_1_34' title='bbox 419 847 584 942; x_wconf 74' lang='lat' dir='ltr'>Vossius)</span> <span class='ocrx_word' id='word_1_35' title='bbox 606 849 776 915; x_wconf 82' lang='lat' dir='ltr'>‘Tulliani</span> <span class='ocrx_word' id='word_1_36' title='bbox 798 870 873 916; x_wconf 87' lang='lat' dir='ltr'>esse</span> <span class='ocrx_word' id='word_1_37' title='bbox 896 852 963 918; x_wconf 83' lang='lat' dir='ltr'>aevi</span> <span class='ocrx_word' id='word_1_38' title='bbox 984 852 1190 937; x_wconf 80' lang='lat' dir='ltr'>scriptorem,</span> <span class='ocrx_word' id='word_1_39' title='bbox 1209 872 1320 938; x_wconf 85' lang='lat' dir='ltr'>neque</span> 
     </span>
     <span class='ocr_line' id='line_1_6' title="bbox 218 952 1321 1042; baseline 0 -21"><span class='ocrx_word' id='word_1_40' title='bbox 218 955 319 1021; x_wconf 79' lang='lat' dir='ltr'>adum</span> <span class='ocrx_word' id='word_1_41' title='bbox 333 973 436 1040; x_wconf 87' lang='lat' dir='ltr'>quam</span> <span class='ocrx_word' id='word_1_42' title='bbox 451 952 635 1037; x_wconf 81' lang='lat' dir='ltr'><strong>Nepotem,</strong></span> <span class='ocrx_word' id='word_1_43' title='bbox 650 960 723 1018; x_wconf 89' lang='lat' dir='ltr'>tum</span> <span class='ocrx_word' id='word_1_44' title='bbox 737 958 887 1020; x_wconf 84' lang='lat' dir='ltr'>veterum</span> <span class='ocrx_word' id='word_1_45' title='bbox 899 955 1030 1042; x_wconf 75' lang='lat' dir='ltr'>aliquot</span> <span class='ocrx_word' id='word_1_46' title='bbox 1044 954 1219 1020; x_wconf 83' lang='lat' dir='ltr'>Librorum</span> <span class='ocrx_word' id='word_1_47' title='bbox 1233 956 1321 1021; x_wconf 89' lang='lat' dir='ltr'>indi·</span> 
     </span>
     <span class='ocr_line' id='line_1_7' title="bbox 217 1056 1320 1145; baseline 0 -22"><span class='ocrx_word' id='word_1_48' title='bbox 217 1060 273 1124; x_wconf 89' lang='lat' dir='ltr'>cio</span> <span class='ocrx_word' id='word_1_49' title='bbox 286 1059 519 1142; x_wconf 88' lang='lat' dir='ltr'>cognoscitur;</span> <span class='ocrx_word' id='word_1_50' title='bbox 541 1056 739 1136; x_wconf 77' lang='lat' dir='ltr'>tumetium,</span> <span class='ocrx_word' id='word_1_51' title='bbox 754 1057 843 1142; x_wconf 87' lang='lat' dir='ltr'>quod</span> <span class='ocrx_word' id='word_1_52' title='bbox 858 1056 902 1123; x_wconf 88' lang='lat' dir='ltr'>ed</span> <span class='ocrx_word' id='word_1_53' title='bbox 920 1057 1044 1143; x_wconf 87' lang='lat' dir='ltr'><strong>Pomp.</strong></span> <span class='ocrx_word' id='word_1_54' title='bbox 1070 1056 1223 1124; x_wconf 85' lang='lat' dir='ltr'>Atticum</span> <span class='ocrx_word' id='word_1_55' title='bbox 1244 1056 1320 1145; x_wconf 88' lang='lat' dir='ltr'>(cn-</span> 
     </span>
     <span class='ocr_line' id='line_1_8' title="bbox 213 1156 1318 1249; baseline -0.001 -22"><span class='ocrx_word' id='word_1_56' title='bbox 213 1162 273 1249; x_wconf 86' lang='lat' dir='ltr'>jus</span> <span class='ocrx_word' id='word_1_57' title='bbox 298 1159 387 1226; x_wconf 90' lang='lat' dir='ltr'>idem</span> <span class='ocrx_word' id='word_1_58' title='bbox 408 1166 526 1245; x_wconf 87' lang='lat' dir='ltr'>rogatu</span> <span class='ocrx_word' id='word_1_59' title='bbox 541 1157 584 1226; x_wconf 93' lang='lat' dir='ltr'>de</span> <span class='ocrx_word' id='word_1_60' title='bbox 604 1159 677 1225; x_wconf 83' lang='lat' dir='ltr'>vitu</span> <span class='ocrx_word' id='word_1_61' title='bbox 697 1156 837 1225; x_wconf 73' lang='lat' dir='ltr'>oannis</span> <span class='ocrx_word' id='word_1_62' title='bbox 860 1158 1107 1245; x_wconf 84' lang='lat' dir='ltr'>Librumseeit)</span> <span class='ocrx_word' id='word_1_63' title='bbox 1132 1158 1226 1226; x_wconf 83' lang='lat' dir='ltr'>Vites</span> <span class='ocrx_word' id='word_1_64' title='bbox 1243 1161 1318 1226; x_wconf 86' lang='lat' dir='ltr'>istae</span> 
     </span>
     <span class='ocr_line' id='line_1_9' title="bbox 218 1261 1321 1354; baseline 0 -24"><span class='ocrx_word' id='word_1_65' title='bbox 218 1262 424 1330; x_wconf 70' lang='lat' dir='ltr'>munaum!</span> <span class='ocrx_word' id='word_1_66' title='bbox 468 1262 636 1354; x_wconf 66' lang='lat' dir='ltr'>Preterea</span> <span class='ocrx_word' id='word_1_67' title='bbox 650 1280 691 1328; x_wconf 89' lang='lat' dir='ltr'>eo</span> <span class='ocrx_word' id='word_1_68' title='bbox 714 1261 751 1330; x_wconf 88' lang='lat' dir='ltr'>in</span> <span class='ocrx_word' id='word_1_69' title='bbox 775 1281 877 1348; x_wconf 85' lang='lat' dir='ltr'>opere</span> <span class='ocrx_word' id='word_1_70' title='bbox 895 1263 1000 1329; x_wconf 86' lang='lat' dir='ltr'>multa</span> <span class='ocrx_word' id='word_1_71' title='bbox 1021 1262 1180 1347; x_wconf 87' lang='lat' dir='ltr'>leguntur,</span> <span class='ocrx_word' id='word_1_72' title='bbox 1195 1263 1321 1349; x_wconf 82' lang='lat' dir='ltr'>‘quae,&#39;</span> 
     </span>
     <span class='ocr_line' id='line_1_10' title="bbox 218 1361 1321 1449; baseline 0 -17"><span class='ocrx_word' id='word_1_73' title='bbox 218 1370 257 1432; x_wconf 91' lang='lat' dir='ltr'>ut</span> <span class='ocrx_word' id='word_1_74' title='bbox 268 1364 357 1432; x_wconf 86' lang='lat' dir='ltr'>idem</span> <span class='ocrx_word' id='word_1_75' title='bbox 370 1363 522 1430; x_wconf 84' lang='lat' dir='ltr'>Vossius</span> <span class='ocrx_word' id='word_1_76' title='bbox 536 1363 660 1431; x_wconf 78' lang='lat' dir='ltr'>ibidem</span> <span class='ocrx_word' id='word_1_77' title='bbox 675 1361 740 1444; x_wconf 81' lang='lat' dir='ltr'>eit,</span> <span class='ocrx_word' id='word_1_78' title='bbox 759 1368 867 1449; x_wconf 89' lang='lat' dir='ltr'>‘opus</span> <span class='ocrx_word' id='word_1_79' title='bbox 888 1365 952 1431; x_wconf 87' lang='lat' dir='ltr'>hoc</span> <span class='ocrx_word' id='word_1_80' title='bbox 974 1367 1135 1449; x_wconf 88' lang='lat' dir='ltr'>scriptum</span> <span class='ocrx_word' id='word_1_81' title='bbox 1157 1384 1231 1432; x_wconf 87' lang='lat' dir='ltr'>esse</span> <span class='ocrx_word' id='word_1_82' title='bbox 1250 1367 1321 1432; x_wconf 85' lang='lat' dir='ltr'>cle·</span> 
     </span>
     <span class='ocr_line' id='line_1_11' title="bbox 218 1466 1320 1556; baseline 0.001 -22"><span class='ocrx_word' id='word_1_83' title='bbox 218 1473 310 1534; x_wconf 91' lang='lat' dir='ltr'>mant</span> <span class='ocrx_word' id='word_1_84' title='bbox 324 1488 392 1554; x_wconf 90' lang='lat' dir='ltr'>quo</span> <span class='ocrx_word' id='word_1_85' title='bbox 407 1474 557 1553; x_wconf 84' lang='lat' dir='ltr'>tempore</span> <span class='ocrx_word' id='word_1_86' title='bbox 571 1467 755 1553; x_wconf 89' lang='lat' dir='ltr'>Pompeius</span> <span class='ocrx_word' id='word_1_87' title='bbox 770 1473 805 1534; x_wconf 90' lang='lat' dir='ltr'>et</span> <span class='ocrx_word' id='word_1_88' title='bbox 818 1466 938 1535; x_wconf 78' lang='lat' dir='ltr'>(leesor</span> <span class='ocrx_word' id='word_1_89' title='bbox 950 1470 1029 1556; x_wconf 91' lang='lat' dir='ltr'>plus</span> <span class='ocrx_word' id='word_1_90' title='bbox 1040 1474 1205 1556; x_wconf 89' lang='lat' dir='ltr'>poterant,</span> <span class='ocrx_word' id='word_1_91' title='bbox 1219 1487 1320 1554; x_wconf 81' lang='lat' dir='ltr'>quam</span> 
     </span>
     <span class='ocr_line' id='line_1_12' title="bbox 218 1567 1319 1658; baseline 0.001 -21"><span class='ocrx_word' id='word_1_92' title='bbox 218 1571 322 1637; x_wconf 85' lang='lat' dir='ltr'>libera</span> <span class='ocrx_word' id='word_1_93' title='bbox 350 1571 386 1637; x_wconf 90' lang='lat' dir='ltr'>in</span> <span class='ocrx_word' id='word_1_94' title='bbox 415 1567 505 1656; x_wconf 79' lang='lat' dir='ltr'>liep.</span> <span class='ocrx_word' id='word_1_95' title='bbox 531 1570 733 1657; x_wconf 65' lang='lat' dir='ltr'>expediret?</span> <span class='ocrx_word' id='word_1_96' title='bbox 787 1570 878 1639; x_wconf 82' lang='lat' dir='ltr'>Haec</span> <span class='ocrx_word' id='word_1_97' title='bbox 904 1577 1012 1637; x_wconf 86' lang='lat' dir='ltr'>autem</span> <span class='ocrx_word' id='word_1_98' title='bbox 1041 1571 1153 1638; x_wconf 86' lang='lat' dir='ltr'>omnia</span> <span class='ocrx_word' id='word_1_99' title='bbox 1176 1571 1319 1658; x_wconf 78' lang='lat' dir='ltr'>Dionys.</span> 
     </span>
     <span class='ocr_line' id='line_1_13' title="bbox 220 1672 1322 1761; baseline 0 -22"><span class='ocrx_word' id='word_1_100' title='bbox 220 1672 405 1740; x_wconf 82' lang='lat' dir='ltr'>Lambinus</span> <span class='ocrx_word' id='word_1_101' title='bbox 421 1676 612 1758; x_wconf 77' lang='lat' dir='ltr'>congessitz</span> <span class='ocrx_word' id='word_1_102' title='bbox 634 1693 771 1761; x_wconf 87' lang='lat' dir='ltr'>quorum</span> <span class='ocrx_word' id='word_1_103' title='bbox 787 1681 899 1741; x_wconf 88' lang='lat' dir='ltr'>tamen</span> <span class='ocrx_word' id='word_1_104' title='bbox 913 1675 1100 1761; x_wconf 65' lang='lat' dir='ltr'>praecipue,</span> <span class='ocrx_word' id='word_1_105' title='bbox 1122 1681 1157 1741; x_wconf 90' lang='lat' dir='ltr'>et</span> <span class='ocrx_word' id='word_1_106' title='bbox 1178 1689 1256 1760; x_wconf 83' lang='lat' dir='ltr'>quae</span> <span class='ocrx_word' id='word_1_107' title='bbox 1276 1673 1322 1740; x_wconf 86' lang='lat' dir='ltr'>ud</span> 
     </span>
     <span class='ocr_line' id='line_1_14' title="bbox 182 1777 1322 1864; baseline 0.002 -23"><span class='ocrx_word' id='word_1_108' title='bbox 182 1840 189 1850; x_wconf 83' lang='grc'>,</span> <span class='ocrx_word' id='word_1_109' title='bbox 219 1777 381 1842; x_wconf 79' lang='lat' dir='ltr'>intentum</span> <span class='ocrx_word' id='word_1_110' title='bbox 394 1784 542 1844; x_wconf 87' lang='lat' dir='ltr'>nostrum</span> <span class='ocrx_word' id='word_1_111' title='bbox 554 1777 663 1864; x_wconf 77' lang='lat' dir='ltr'>mugis</span> <span class='ocrx_word' id='word_1_112' title='bbox 679 1778 880 1858; x_wconf 74' lang='lat' dir='ltr'>conducent,</span> <span class='ocrx_word' id='word_1_113' title='bbox 889 1779 1008 1845; x_wconf 86' lang='lat' dir='ltr'>ceteris</span> <span class='ocrx_word' id='word_1_114' title='bbox 1023 1777 1192 1845; x_wconf 83' lang='lat' dir='ltr'>brevitatis</span> <span class='ocrx_word' id='word_1_115' title='bbox 1205 1797 1322 1857; x_wconf 84' lang='lat' dir='ltr'>ceusu,</span> 
     </span>
     <span class='ocr_line' id='line_1_15' title="bbox 220 1875 1321 1966; baseline 0.001 -21"><span class='ocrx_word' id='word_1_116' title='bbox 220 1881 302 1966; x_wconf 85' lang='lat' dir='ltr'>quia</span> <span class='ocrx_word' id='word_1_117' title='bbox 316 1882 417 1966; x_wconf 87' lang='lat' dir='ltr'>plura</span> <span class='ocrx_word' id='word_1_118' title='bbox 437 1875 525 1959; x_wconf 86' lang='lat' dir='ltr'>sunt,</span> <span class='ocrx_word' id='word_1_119' title='bbox 548 1882 695 1960; x_wconf 88' lang='lat' dir='ltr'>semotis,</span> <span class='ocrx_word' id='word_1_120' title='bbox 722 1882 864 1965; x_wconf 83' lang='lat' dir='ltr'>seligere</span> <span class='ocrx_word' id='word_1_121' title='bbox 887 1881 998 1948; x_wconf 83' lang='lat' dir='ltr'>liceat</span> <span class='ocrx_word' id='word_1_122' title='bbox 1042 1879 1193 1947; x_wconf 91' lang='lat' dir='ltr'>Primum</span> <span class='ocrx_word' id='word_1_123' title='bbox 1208 1888 1321 1946; x_wconf 88' lang='lat' dir='ltr'>autom</span> 
     </span>
     <span class='ocr_line' id='line_1_16' title="bbox 219 1981 1322 2070; baseline 0 -21"><span class='ocrx_word' id='word_1_124' title='bbox 219 2003 265 2049; x_wconf 83' lang='lat' dir='ltr'>ex</span> <span class='ocrx_word' id='word_1_125' title='bbox 295 1981 450 2050; x_wconf 79' lang='lat' dir='ltr'>Miltiade</span> <span class='ocrx_word' id='word_1_126' title='bbox 474 1983 525 2049; x_wconf 87' lang='lat' dir='ltr'>sic</span> <span class='ocrx_word' id='word_1_127' title='bbox 553 1982 712 2049; x_wconf 86' lang='lat' dir='ltr'>habetur:</span> <span class='ocrx_word' id='word_1_128' title='bbox 749 1982 884 2070; x_wconf 84' lang='lat' dir='ltr'>‘Cujus</span> <span class='ocrx_word' id='word_1_129' title='bbox 908 1983 1062 2049; x_wconf 72' lang='lat' dir='ltr'>victoria</span> <span class='ocrx_word' id='word_1_130' title='bbox 1086 2002 1153 2048; x_wconf 89' lang='lat' dir='ltr'>non</span> <span class='ocrx_word' id='word_1_131' title='bbox 1175 1982 1322 2049; x_wconf 87' lang='lat' dir='ltr'>alienum</span> 
     </span>
     <span class='ocr_line' id='line_1_17' title="bbox 219 2083 1322 2171; baseline -0.004 -17"><span class='ocrx_word' id='word_1_132' title='bbox 219 2086 360 2165; x_wconf 80' lang='lat' dir='ltr'>videtur,</span> <span class='ocrx_word' id='word_1_133' title='bbox 375 2085 473 2171; x_wconf 88' lang='lat' dir='ltr'>quale</span> <span class='ocrx_word' id='word_1_134' title='bbox 484 2084 659 2170; x_wconf 79' lang='lat' dir='ltr'>preamium</span> <span class='ocrx_word' id='word_1_135' title='bbox 675 2083 827 2152; x_wconf 80' lang='lat' dir='ltr'>Miltiadi</span> <span class='ocrx_word' id='word_1_136' title='bbox 841 2086 888 2151; x_wconf 89' lang='lat' dir='ltr'>sit</span> <span class='ocrx_word' id='word_1_137' title='bbox 900 2086 1072 2166; x_wconf 89' lang='lat' dir='ltr'>tributum,</span> <span class='ocrx_word' id='word_1_138' title='bbox 1087 2084 1227 2169; x_wconf 80' lang='lat' dir='ltr'>docere3</span> <span class='ocrx_word' id='word_1_139' title='bbox 1255 2105 1322 2170; x_wconf 88' lang='lat' dir='ltr'>quo</span> 
     </span>
     <span class='ocr_line' id='line_1_18' title="bbox 218 2186 1324 2274; baseline -0.004 -18"><span class='ocrx_word' id='word_1_140' title='bbox 218 2190 353 2256; x_wconf 85' lang='lat' dir='ltr'>facilius</span> <span class='ocrx_word' id='word_1_141' title='bbox 381 2188 521 2274; x_wconf 82' lang='lat' dir='ltr'>intelligi</span> <span class='ocrx_word' id='word_1_142' title='bbox 545 2188 653 2273; x_wconf 84' lang='lat' dir='ltr'>possit</span> <span class='ocrx_word' id='word_1_143' title='bbox 689 2189 828 2255; x_wconf 86' lang='lat' dir='ltr'>eandem</span> <span class='ocrx_word' id='word_1_144' title='bbox 856 2189 1005 2254; x_wconf 86' lang='lat' dir='ltr'>omnium</span> <span class='ocrx_word' id='word_1_145' title='bbox 1034 2186 1219 2254; x_wconf 77' lang='lat' dir='ltr'>civitatum</span> <span class='ocrx_word' id='word_1_146' title='bbox 1247 2207 1324 2253; x_wconf 88' lang='lat' dir='ltr'>esse</span> 
     </span>
     <span class='ocr_line' id='line_1_19' title="bbox 218 2290 1323 2377; baseline -0.003 -19"><span class='ocrx_word' id='word_1_147' title='bbox 218 2297 392 2358; x_wconf 85' lang='lat' dir='ltr'>naturam:</span> <span class='ocrx_word' id='word_1_148' title='bbox 415 2297 453 2357; x_wconf 88' lang='lat' dir='ltr'>u&#39;t</span> <span class='ocrx_word' id='word_1_149' title='bbox 474 2290 590 2376; x_wconf 92' lang='lat' dir='ltr'>populi</span> <span class='ocrx_word' id='word_1_150' title='bbox 614 2293 721 2357; x_wconf 88' lang='lat' dir='ltr'>nostri</span> <span class='ocrx_word' id='word_1_151' title='bbox 740 2291 887 2362; x_wconf 86' lang='lat' dir='ltr'>honores</span> <span class='ocrx_word' id='word_1_152' title='bbox 911 2290 1079 2377; x_wconf 86' lang='lat' dir='ltr'>quondam</span> <span class='ocrx_word' id='word_1_153' title='bbox 1103 2290 1234 2356; x_wconf 84' lang='lat' dir='ltr'>fuerunt</span> <span class='ocrx_word' id='word_1_154' title='bbox 1257 2292 1323 2355; x_wconf 84' lang='lat' dir='ltr'>rari</span> 
     </span>
     <span class='ocr_line' id='line_1_20' title="bbox 217 2387 1323 2481; baseline -0.004 -19"><span class='ocrx_word' id='word_1_155' title='bbox 217 2397 252 2462; x_wconf 87' lang='lat' dir='ltr'>et</span> <span class='ocrx_word' id='word_1_156' title='bbox 266 2401 393 2475; x_wconf 83' lang='lat' dir='ltr'>tenues,</span> <span class='ocrx_word' id='word_1_157' title='bbox 408 2394 452 2461; x_wconf 91' lang='lat' dir='ltr'>ob</span> <span class='ocrx_word' id='word_1_158' title='bbox 467 2413 608 2481; x_wconf 76' lang='lat' dir='ltr'>eamque</span> <span class='ocrx_word' id='word_1_159' title='bbox 633 2387 775 2462; x_wconf 76' lang='lat' dir='ltr'>oausam</span> <span class='ocrx_word' id='word_1_160' title='bbox 796 2387 945 2481; x_wconf 83' lang='lat' dir='ltr'>gloriosi,</span> <span class='ocrx_word' id='word_1_161' title='bbox 972 2414 1063 2461; x_wconf 90' lang='lat' dir='ltr'>nunc</span> <span class='ocrx_word' id='word_1_162' title='bbox 1089 2400 1200 2461; x_wconf 84' lang='lat' dir='ltr'>antem</span> <span class='ocrx_word' id='word_1_163' title='bbox 1223 2391 1323 2460; x_wconf 83' lang='lat' dir='ltr'>effusi</span> 
     </span>
     <span class='ocr_line' id='line_1_21' title="bbox 218 2497 1324 2589; baseline 0 -25"><span class='ocrx_word' id='word_1_164' title='bbox 218 2505 322 2584; x_wconf 80' lang='lat' dir='ltr'>atque</span> <span class='ocrx_word' id='word_1_165' title='bbox 348 2498 511 2580; x_wconf 84' lang='lat' dir='ltr'>obsoleti;</span> <span class='ocrx_word' id='word_1_166' title='bbox 539 2498 592 2563; x_wconf 88' lang='lat' dir='ltr'>sic</span> <span class='ocrx_word' id='word_1_167' title='bbox 614 2498 696 2564; x_wconf 91' lang='lat' dir='ltr'>olim</span> <span class='ocrx_word' id='word_1_168' title='bbox 718 2501 810 2585; x_wconf 78' lang='lat' dir='ltr'>apud</span> <span class='ocrx_word' id='word_1_169' title='bbox 826 2497 1051 2589; x_wconf 33' lang='lat' dir='ltr'>‚Amenanus</span> <span class='ocrx_word' id='word_1_170' title='bbox 1075 2499 1181 2565; x_wconf 84' lang='lat' dir='ltr'>inisse</span> <span class='ocrx_word' id='word_1_171' title='bbox 1202 2499 1324 2585; x_wconf 87' lang='lat' dir='ltr'>reperi·</span> 
     </span>
     <span class='ocr_line' id='line_1_22' title="bbox 218 2599 1324 2690; baseline 0 -24"><span class='ocrx_word' id='word_1_172' title='bbox 218 2599 320 2666; x_wconf 78' lang='lat' dir='ltr'>mus’</span> <span class='ocrx_word' id='word_1_173' title='bbox 364 2599 455 2666; x_wconf 79' lang='lat' dir='ltr'>Haec</span> <span class='ocrx_word' id='word_1_174' title='bbox 470 2605 580 2667; x_wconf 84' lang='lat' dir='ltr'>autem</span> <span class='ocrx_word' id='word_1_175' title='bbox 597 2604 713 2682; x_wconf 78' lang='lat' dir='ltr'>rerba,</span> <span class='ocrx_word' id='word_1_176' title='bbox 731 2604 839 2689; x_wconf 89' lang='lat' dir='ltr'>inquit</span> <span class='ocrx_word' id='word_1_177' title='bbox 861 2603 1057 2681; x_wconf 78' lang='lat' dir='ltr'>Iembinus,</span> <span class='ocrx_word' id='word_1_178' title='bbox 1073 2606 1215 2685; x_wconf 85' lang='lat' dir='ltr'>arguunt</span> <span class='ocrx_word' id='word_1_179' title='bbox 1237 2602 1324 2690; x_wconf 82' lang='lat' dir='ltr'>hunc</span> 
     </span>
     <span class='ocr_line' id='line_1_23' title="bbox 219 2702 1325 2790; baseline -0.001 -19"><span class='ocrx_word' id='word_1_180' title='bbox 219 2702 359 2771; x_wconf 81' lang='lat' dir='ltr'>Librum</span> <span class='ocrx_word' id='word_1_181' title='bbox 374 2703 537 2787; x_wconf 88' lang='lat' dir='ltr'>seriptum</span> <span class='ocrx_word' id='word_1_182' title='bbox 551 2722 642 2783; x_wconf 88' lang='lat' dir='ltr'>esse,</span> <span class='ocrx_word' id='word_1_183' title='bbox 657 2723 725 2789; x_wconf 88' lang='lat' dir='ltr'>quo</span> <span class='ocrx_word' id='word_1_184' title='bbox 739 2711 887 2790; x_wconf 83' lang='lat' dir='ltr'>tempore</span> <span class='ocrx_word' id='word_1_185' title='bbox 909 2724 1014 2790; x_wconf 86' lang='lat' dir='ltr'>penes</span> <span class='ocrx_word' id='word_1_186' title='bbox 1032 2704 1196 2789; x_wconf 86' lang='lat' dir='ltr'>populum</span> <span class='ocrx_word' id='word_1_187' title='bbox 1210 2703 1325 2789; x_wconf 81' lang='lat' dir='ltr'>eliqua</span> 
     </span>
     <span class='ocr_line' id='line_1_24' title="bbox 221 2803 1324 2894; baseline -0.001 -24"><span class='ocrx_word' id='word_1_188' title='bbox 221 2804 332 2870; x_wconf 88' lang='lat' dir='ltr'>adhuc</span> <span class='ocrx_word' id='word_1_189' title='bbox 352 2808 504 2890; x_wconf 89' lang='lat' dir='ltr'>potestas</span> <span class='ocrx_word' id='word_1_190' title='bbox 533 2810 624 2886; x_wconf 80' lang='lat' dir='ltr'>erat3</span> <span class='ocrx_word' id='word_1_191' title='bbox 657 2825 723 2872; x_wconf 91' lang='lat' dir='ltr'>non</span> <span class='ocrx_word' id='word_1_192' title='bbox 748 2814 898 2894; x_wconf 84' lang='lat' dir='ltr'>ternpore</span> <span class='ocrx_word' id='word_1_193' title='bbox 923 2806 1117 2887; x_wconf 86' lang='lat' dir='ltr'>Theodosii,</span> <span class='ocrx_word' id='word_1_194' title='bbox 1147 2826 1215 2892; x_wconf 91' lang='lat' dir='ltr'>quo</span> <span class='ocrx_word' id='word_1_195' title='bbox 1241 2803 1324 2870; x_wconf 87' lang='lat' dir='ltr'>nihil</span> 
     </span>
     <span class='ocr_line' id='line_1_25' title="bbox 217 2906 1324 3003; baseline -0.001 -29"><span class='ocrx_word' id='word_1_196' title='bbox 217 2907 371 2993; x_wconf 88' lang='lat' dir='ltr'>populus</span> <span class='ocrx_word' id='word_1_197' title='bbox 385 2913 529 2994; x_wconf 74' lang='lat' dir='ltr'>poteret.</span> <span class='ocrx_word' id='word_1_198' title='bbox 574 2906 618 2974; x_wconf 93' lang='lat' dir='ltr'>In</span> <span class='ocrx_word' id='word_1_199' title='bbox 630 2907 866 2995; x_wconf 72' lang='lat' dir='ltr'>Epaminonda</span> <span class='ocrx_word' id='word_1_200' title='bbox 886 2928 967 2977; x_wconf 79' lang='lat' dir='ltr'>vero</span> <span class='ocrx_word' id='word_1_201' title='bbox 981 2911 1031 3003; x_wconf 86' lang='lat' dir='ltr'>sic</span> <span class='ocrx_word' id='word_1_202' title='bbox 1055 2910 1196 2993; x_wconf 85' lang='lat' dir='ltr'>legitur:</span> <span class='ocrx_word' id='word_1_203' title='bbox 1218 2912 1229 2945; x_wconf 90' lang='lat'>‘</span> <span class='ocrx_word' id='word_1_204' title='bbox 1245 2906 1324 2988; x_wconf 89' lang='lat' dir='ltr'>Quo</span> 
     </span>
     <span class='ocr_line' id='line_1_26' title="bbox 219 3010 1325 3099; baseline -0.002 -22"><span class='ocrx_word' id='word_1_205' title='bbox 219 3018 372 3095; x_wconf 89' lang='lat' dir='ltr'>tempore</span> <span class='ocrx_word' id='word_1_206' title='bbox 387 3010 486 3078; x_wconf 90' lang='lat' dir='ltr'>Duce</span> <span class='ocrx_word' id='word_1_207' title='bbox 498 3011 671 3096; x_wconf 75' lang='lat' dir='ltr'>Pelopida</span> <span class='ocrx_word' id='word_1_208' title='bbox 684 3015 803 3080; x_wconf 82' lang='lat' dir='ltr'>exules</span> <span class='ocrx_word' id='word_1_209' title='bbox 814 3014 949 3081; x_wconf 84' lang='lat' dir='ltr'>Thebas</span> <span class='ocrx_word' id='word_1_210' title='bbox 964 3016 1180 3099; x_wconf 86' lang='lat' dir='ltr'>occuparunt,</span> <span class='ocrx_word' id='word_1_211' title='bbox 1191 3016 1225 3076; x_wconf 86' lang='lat' dir='ltr'>et</span> <span class='ocrx_word' id='word_1_212' title='bbox 1237 3012 1325 3097; x_wconf 63' lang='lat' dir='ltr'>prael</span> 
     </span>
     <span class='ocr_line' id='line_1_27' title="bbox 219 3106 1326 3201; baseline -0.002 -22"><span class='ocrx_word' id='word_1_213' title='bbox 219 3113 343 3180; x_wconf 77' lang='lat' dir='ltr'>ddium</span> <span class='ocrx_word' id='word_1_214' title='bbox 358 3113 691 3182; x_wconf 78' lang='lat' dir='ltr'>Lacaedenrouiorum</span> <span class='ocrx_word' id='word_1_215' title='bbox 715 3137 762 3183; x_wconf 83' lang='lat' dir='ltr'>ex</span> <span class='ocrx_word' id='word_1_216' title='bbox 786 3136 864 3182; x_wconf 82' lang='lat' dir='ltr'>erce</span> <span class='ocrx_word' id='word_1_217' title='bbox 887 3106 1100 3201; x_wconf 83' lang='lat' dir='ltr'>expulerunt,</span> <span class='ocrx_word' id='word_1_218' title='bbox 1121 3112 1326 3199; x_wconf 83' lang='lat' dir='ltr'>Epaminon·</span> 
     </span>
     <span class='ocr_line' id='line_1_28' title="bbox 221 3215 1323 3303; baseline -0.003 -19"><span class='ocrx_word' id='word_1_219' title='bbox 221 3218 298 3297; x_wconf 88' lang='lat' dir='ltr'>rias,</span> <span class='ocrx_word' id='word_1_220' title='bbox 315 3218 465 3303; x_wconf 87' lang='lat' dir='ltr'>quandiu</span> <span class='ocrx_word' id='word_1_221' title='bbox 489 3220 582 3287; x_wconf 85' lang='lat' dir='ltr'>facta</span> <span class='ocrx_word' id='word_1_222' title='bbox 607 3224 658 3284; x_wconf 88' lang='lat' dir='ltr'>est</span> <span class='ocrx_word' id='word_1_223' title='bbox 686 3220 802 3286; x_wconf 82' lang='lat' dir='ltr'>credes</span> <span class='ocrx_word' id='word_1_224' title='bbox 832 3220 969 3299; x_wconf 84' lang='lat' dir='ltr'>civium,</span> <span class='ocrx_word' id='word_1_225' title='bbox 994 3220 1086 3285; x_wconf 88' lang='lat' dir='ltr'>domi</span> <span class='ocrx_word' id='word_1_226' title='bbox 1115 3238 1153 3283; x_wconf 90' lang='lat' dir='ltr'>se</span> <span class='ocrx_word' id='word_1_227' title='bbox 1179 3215 1323 3295; x_wconf 87' lang='lat' dir='ltr'>retinuit,</span> 
     </span>
     <span class='ocr_line' id='line_1_29' title="bbox 222 3322 1324 3409; baseline -0.005 -20"><span class='ocrx_word' id='word_1_228' title='bbox 222 3323 313 3408; x_wconf 88' lang='lat' dir='ltr'>quod</span> <span class='ocrx_word' id='word_1_229' title='bbox 327 3342 437 3409; x_wconf 90' lang='lat' dir='ltr'>nequo</span> <span class='ocrx_word' id='word_1_230' title='bbox 450 3323 559 3393; x_wconf 85' lang='lat' dir='ltr'>malos</span> <span class='ocrx_word' id='word_1_231' title='bbox 574 3322 753 3389; x_wconf 82' lang='lat' dir='ltr'>defendere</span> <span class='ocrx_word' id='word_1_232' title='bbox 767 3324 913 3403; x_wconf 86' lang='lat' dir='ltr'>volebat,</span> <span class='ocrx_word' id='word_1_233' title='bbox 927 3342 1038 3408; x_wconf 87' lang='lat' dir='ltr'>neque</span> <span class='ocrx_word' id='word_1_234' title='bbox 1059 3322 1263 3407; x_wconf 80' lang='lat' dir='ltr'>impugnare,</span> <span class='ocrx_word' id='word_1_235' title='bbox 1280 3334 1324 3384; x_wconf 79' lang='lat' dir='ltr'>ne</span> 
     </span>
     <span class='ocr_line' id='line_1_30' title="bbox 219 3420 1326 3511; baseline 0 -22"><span class='ocrx_word' id='word_1_236' title='bbox 219 3444 339 3491; x_wconf 86' lang='lat' dir='ltr'>manns</span> <span class='ocrx_word' id='word_1_237' title='bbox 353 3430 490 3492; x_wconf 84' lang='lat' dir='ltr'>suorum</span> <span class='ocrx_word' id='word_1_238' title='bbox 505 3427 665 3509; x_wconf 82' lang='lat' dir='ltr'>sanguine</span> <span class='ocrx_word' id='word_1_239' title='bbox 681 3431 879 3492; x_wconf 84' lang='lat' dir='ltr'>cruentaret.</span> <span class='ocrx_word' id='word_1_240' title='bbox 924 3425 1082 3511; x_wconf 88' lang='lat' dir='ltr'>Namque</span> <span class='ocrx_word' id='word_1_241' title='bbox 1096 3420 1227 3488; x_wconf 84' lang='lat' dir='ltr'>omnem</span> <span class='ocrx_word' id='word_1_242' title='bbox 1242 3422 1326 3489; x_wconf 86' lang='lat' dir='ltr'>civi·</span> 
     </span>
     <span class='ocr_line' id='line_1_31' title="bbox 220 3524 1326 3619; baseline -0.004 -27"><span class='ocrx_word' id='word_1_243' title='bbox 220 3529 286 3592; x_wconf 88' lang='lat' dir='ltr'>lem</span> <span class='ocrx_word' id='word_1_244' title='bbox 300 3529 488 3608; x_wconf 74' lang='lat' dir='ltr'>uictoriam,</span> <span class='ocrx_word' id='word_1_245' title='bbox 504 3529 671 3594; x_wconf 85' lang='lat' dir='ltr'>funestam</span> <span class='ocrx_word' id='word_1_246' title='bbox 693 3526 860 3613; x_wconf 70' lang='lat' dir='ltr'>putabat?</span> <span class='ocrx_word' id='word_1_247' title='bbox 906 3525 1123 3619; x_wconf 83' lang='lat' dir='ltr'>Videturhis</span> <span class='ocrx_word' id='word_1_248' title='bbox 1138 3524 1261 3604; x_wconf 83' lang='lat' dir='ltr'>verbis,</span> <span class='ocrx_word' id='word_1_249' title='bbox 1275 3524 1326 3589; x_wconf 85' lang='lat' dir='ltr'>in-&#39;</span> 
     </span>
     <span class='ocr_line' id='line_1_32' title="bbox 221 3624 1326 3716; baseline -0.003 -21"><span class='ocrx_word' id='word_1_250' title='bbox 221 3631 309 3716; x_wconf 87' lang='lat' dir='ltr'>quit,</span> <span class='ocrx_word' id='word_1_251' title='bbox 322 3638 438 3697; x_wconf 86' lang='lat' dir='ltr'>noster</span> <span class='ocrx_word' id='word_1_252' title='bbox 454 3632 612 3714; x_wconf 86' lang='lat' dir='ltr'>scriptor,</span> <span class='ocrx_word' id='word_1_253' title='bbox 632 3636 667 3697; x_wconf 93' lang='lat' dir='ltr'>et</span> <span class='ocrx_word' id='word_1_254' title='bbox 691 3630 770 3696; x_wconf 89' lang='lat' dir='ltr'>belli</span> <span class='ocrx_word' id='word_1_255' title='bbox 795 3629 906 3695; x_wconf 76' lang='lat' dir='ltr'>civilis</span> <span class='ocrx_word' id='word_1_256' title='bbox 931 3635 1097 3708; x_wconf 88' lang='lat' dir='ltr'>auctores,</span> <span class='ocrx_word' id='word_1_257' title='bbox 1123 3624 1326 3713; x_wconf 88' lang='lat' dir='ltr'>Pompeium</span> 
     </span>
     <span class='ocr_line' id='line_1_33' title="bbox 220 3728 1325 3817; baseline -0.001 -21"><span class='ocrx_word' id='word_1_258' title='bbox 220 3728 453 3811; x_wconf 54' lang='lat' dir='ltr'>accusarem,</span> <span class='ocrx_word' id='word_1_259' title='bbox 468 3733 503 3797; x_wconf 94' lang='lat' dir='ltr'>in</span> <span class='ocrx_word' id='word_1_260' title='bbox 517 3752 584 3817; x_wconf 88' lang='lat' dir='ltr'>quo</span> <span class='ocrx_word' id='word_1_261' title='bbox 597 3736 725 3799; x_wconf 89' lang='lat' dir='ltr'>tantum</span> <span class='ocrx_word' id='word_1_262' title='bbox 748 3732 920 3816; x_wconf 84' lang='lat' dir='ltr'>sanguinis</span> <span class='ocrx_word' id='word_1_263' title='bbox 944 3732 1056 3798; x_wconf 88' lang='lat' dir='ltr'>civilis</span> <span class='ocrx_word' id='word_1_264' title='bbox 1078 3730 1254 3816; x_wconf 80' lang='lat' dir='ltr'>profusum</span> <span class='ocrx_word' id='word_1_265' title='bbox 1267 3730 1325 3808; x_wconf 83' lang='lat' dir='ltr'>sit,</span> 
     </span>
     <span class='ocr_line' id='line_1_34' title="bbox 221 3830 1326 3919; baseline 0.001 -22"><span class='ocrx_word' id='word_1_266' title='bbox 221 3835 348 3915; x_wconf 79' lang='lat' dir='ltr'>notare,</span> <span class='ocrx_word' id='word_1_267' title='bbox 364 3841 398 3900; x_wconf 91' lang='lat' dir='ltr'>et</span> <span class='ocrx_word' id='word_1_268' title='bbox 411 3837 514 3901; x_wconf 86' lang='lat' dir='ltr'>tacite</span> <span class='ocrx_word' id='word_1_269' title='bbox 529 3834 710 3919; x_wconf 90' lang='lat' dir='ltr'>Pomponii</span> <span class='ocrx_word' id='word_1_270' title='bbox 729 3833 836 3901; x_wconf 84' lang='lat' dir='ltr'>Attici</span> <span class='ocrx_word' id='word_1_271' title='bbox 859 3834 1036 3900; x_wconf 82' lang='lat' dir='ltr'>consilium</span> <span class='ocrx_word' id='word_1_272' title='bbox 1050 3830 1251 3919; x_wconf 81' lang='lat' dir='ltr'>approbare,</span> <span class='ocrx_word' id='word_1_273' title='bbox 1267 3835 1326 3918; x_wconf 92' lang='lat' dir='ltr'>qui</span> 
     </span>
     <span class='ocr_line' id='line_1_35' title="bbox 222 3930 1326 4023; baseline -0.002 -21"><span class='ocrx_word' id='word_1_274' title='bbox 222 3935 324 4002; x_wconf 86' lang='lat' dir='ltr'>bellis</span> <span class='ocrx_word' id='word_1_275' title='bbox 342 3930 510 4018; x_wconf 81' lang='lat' dir='ltr'>oirilibus,</span> <span class='ocrx_word' id='word_1_276' title='bbox 527 3957 606 4023; x_wconf 85' lang='lat' dir='ltr'>qnae</span> <span class='ocrx_word' id='word_1_277' title='bbox 632 3938 666 4004; x_wconf 90' lang='lat' dir='ltr'>in</span> <span class='ocrx_word' id='word_1_278' title='bbox 688 3936 763 4022; x_wconf 87' lang='lat' dir='ltr'>ejus</span> <span class='ocrx_word' id='word_1_279' title='bbox 789 3942 921 4004; x_wconf 82' lang='lat' dir='ltr'>aetatern</span> <span class='ocrx_word' id='word_1_280' title='bbox 946 3936 1142 4018; x_wconf 86' lang='lat' dir='ltr'>inciderunt,</span> <span class='ocrx_word' id='word_1_281' title='bbox 1166 3937 1326 4002; x_wconf 80' lang='lat' dir='ltr'>interesse</span> 
     </span>
     <span class='ocr_line' id='line_1_36' title="bbox 222 4039 1327 4125; baseline -0.004 -18"><span class='ocrx_word' id='word_1_282' title='bbox 222 4040 377 4120; x_wconf 81' lang='lat' dir='ltr'>noluerit,</span> <span class='ocrx_word' id='word_1_283' title='bbox 392 4044 454 4108; x_wconf 77' lang='lat' dir='ltr'>lec.</span> <span class='ocrx_word' id='word_1_284' title='bbox 498 4039 548 4108; x_wconf 79' lang='lat' dir='ltr'>At</span> <span class='ocrx_word' id='word_1_285' title='bbox 570 4039 652 4106; x_wconf 89' lang='lat' dir='ltr'>illud</span> <span class='ocrx_word' id='word_1_286' title='bbox 678 4059 758 4106; x_wconf 85' lang='lat' dir='ltr'>sane</span> <span class='ocrx_word' id='word_1_287' title='bbox 782 4041 1000 4125; x_wconf 89' lang='lat' dir='ltr'>perspicuum</span> <span class='ocrx_word' id='word_1_288' title='bbox 1024 4045 1086 4121; x_wconf 87' lang='lat' dir='ltr'>est,</span> <span class='ocrx_word' id='word_1_289' title='bbox 1101 4039 1192 4125; x_wconf 90' lang='lat' dir='ltr'>quod</span> <span class='ocrx_word' id='word_1_290' title='bbox 1215 4039 1266 4105; x_wconf 87' lang='lat' dir='ltr'>sie</span> <span class='ocrx_word' id='word_1_291' title='bbox 1280 4058 1327 4103; x_wconf 84' lang='lat' dir='ltr'>ex</span> 
     </span>
     <span class='ocr_line' id='line_1_37' title="bbox 223 4140 1325 4231; baseline -0.001 -22"><span class='ocrx_word' id='word_1_292' title='bbox 223 4142 386 4227; x_wconf 81' lang='lat' dir='ltr'>Agesilao</span> <span class='ocrx_word' id='word_1_293' title='bbox 400 4145 588 4231; x_wconf 86' lang='lat' dir='ltr'>excipitur:</span> <span class='ocrx_word' id='word_1_294' title='bbox 610 4143 680 4209; x_wconf 87' lang='lat' dir='ltr'>‘In</span> <span class='ocrx_word' id='word_1_295' title='bbox 700 4144 769 4210; x_wconf 83' lang='lat' dir='ltr'>hoc</span> <span class='ocrx_word' id='word_1_296' title='bbox 792 4162 860 4209; x_wconf 90' lang='lat' dir='ltr'>non</span> <span class='ocrx_word' id='word_1_297' title='bbox 882 4144 991 4209; x_wconf 89' lang='lat' dir='ltr'>minus</span> <span class='ocrx_word' id='word_1_298' title='bbox 1003 4144 1077 4231; x_wconf 87' lang='lat' dir='ltr'>ejus</span> <span class='ocrx_word' id='word_1_299' title='bbox 1090 4143 1200 4227; x_wconf 87' lang='lat' dir='ltr'>pietas</span> <span class='ocrx_word' id='word_1_300' title='bbox 1214 4140 1325 4227; x_wconf 61' lang='lat' dir='ltr'>suspiss</span> 
     </span>
     <span class='ocr_line' id='line_1_38' title="bbox 221 4246 1325 4334; baseline -0.003 -21"><span class='ocrx_word' id='word_1_301' title='bbox 221 4247 344 4314; x_wconf 82' lang='lat' dir='ltr'>cienda</span> <span class='ocrx_word' id='word_1_302' title='bbox 367 4254 429 4330; x_wconf 89' lang='lat' dir='ltr'>est,</span> <span class='ocrx_word' id='word_1_303' title='bbox 443 4268 543 4334; x_wconf 88' lang='lat' dir='ltr'>qoam</span> <span class='ocrx_word' id='word_1_304' title='bbox 565 4247 670 4314; x_wconf 83' lang='lat' dir='ltr'>virtus</span> <span class='ocrx_word' id='word_1_305' title='bbox 694 4247 835 4313; x_wconf 78' lang='lat' dir='ltr'>bellice:</span> <span class='ocrx_word' id='word_1_306' title='bbox 859 4247 1011 4330; x_wconf 86' lang='lat' dir='ltr'>quicum</span> <span class='ocrx_word' id='word_1_307' title='bbox 1026 4246 1145 4313; x_wconf 90' lang='lat' dir='ltr'>victori</span> <span class='ocrx_word' id='word_1_308' title='bbox 1160 4248 1325 4331; x_wconf 82' lang='lat' dir='ltr'>precesset</span> 
     </span>
    </p>
   </div>
   <div class='ocr_carea' id='block_1_3' title="bbox 0 0 1495 4875">
    <p class='ocr_par' dir='ltr' id='par_1_3' title="bbox 0 0 1495 4875">
     <span class='ocr_line' id='line_1_39' title="bbox 0 0 1495 4875; baseline 0 0"><span class='ocrx_word' id='word_1_309' title='bbox 0 0 1495 4875; x_wconf 95' lang='lat' dir='ltr'> </span> 
     </span>
    </p>
   </div>
  </div>
 </body>
</html>
