2967 4875
188 465 192 472 .
449 401 644 451 renuente
665 402 696 453 r.
719 401 752 450 r.
776 399 963 450 rusouuur.
1235 387 1258 454 5

153 546 235 635 quid
249 550 409 632 putemus
422 544 492 611 fleri
503 563 606 630 posce
619 543 764 625 facilius,
780 561 882 629 quam
896 545 934 609 ut
947 541 1092 612 obscure
1115 546 1257 616 stultitia

151 655 293 718 istarum
308 657 473 731 notamm,
495 671 571 737 quae
586 650 668 716 nihil
690 650 801 717 minus
827 669 927 735 quem
942 653 1142 719 senteutiam
1155 655 1264 723 libro·

149 749 226 820 'rum
254 754 423 840 aperiant,
452 753 569 839 rejecti
593 759 629 819 et
650 752 795 819 deterriti
809 752 1054 834 adolescentes,
1068 759 1256 841 praesertim

150 857 379 942 capitaliores,
392 861 516 922 aeterno
525 855 694 922 literarum
705 854 899 921 latinarum
908 857 1083 940 capiantur
1092 859 1256 925 fastidiet

150 959 287 1026 Deinde
303 960 334 1025 ei
348 959 451 1026 verba
463 959 649 1028 lectissima
662 956 910 1024 etuitidissime
922 965 958 1026 et
968 959 1149 1046 purissima
1163 971 1258 1031 vete·

149 1081 234 1142 rem,
252 1063 285 1128 si
301 1063 519 1147 gravissimas
543 1064 728 1148 grutioeque
751 1061 967 1147 plenissimas
990 1066 1183 1146 sententies,
1206 1068 1265 1133 vi·

148 1165 249 1231 deum
278 1167 391 1233 verbis
415 1172 484 1233 tum
506 1166 647 1253 impuris
677 1170 712 1232 et
737 1164 882 1232 sordidis
907 1169 943 1230 et
966 1165 1159 1250 inquinatis,
1188 1177 1256 1236 turn

148 1269 297 1355 abjectis
317 1274 350 1334 et
371 1268 507 1354 ineptis,
530 1275 601 1337 tum
623 1267 807 1336 inconditis
830 1273 924 1333 etue
950 1267 1081 1346 Ietinis
1106 1269 1253 1356 quidem,

149 1371 293 1440 obrutae
309 1371 435 1439 efferri:
457 1392 565 1438 nonne
578 1372 732 1440 videatur
746 1391 823 1437 esse
836 1369 1046 1438 vehementer
1058 1373 1254 1453 timendum,

147 1490 190 1539 ue
203 1475 334 1542 tirones
358 1476 473 1542 latini
496 1475 658 1542 sermonis
679 1474 887 1541 deducantur
905 1494 960 1555 eu,
977 1480 1013 1540 ut
1027 1475 1069 1541 de
1082 1478 1160 1562 ipua
1174 1478 1254 1544 doc·

148 1576 232 1643 trina
246 1575 481 1664 elegantiaque
505 1578 703 1664 scriptorum
728 1577 850 1644 senum
866 1578 1010 1644 teuniter
1028 1579 1182 1665 maleque
1195 1597 1259 1646 ex·

148 1679 303 1749 iutimare
321 1682 512 1766 incipienti
556 1681 642 1748 Gum
665 1700 767 1769 porro
792 1679 990 1748 Miuelliana
1013 1681 1256 1767 interpretandi

149 1784 234 1849 ratio
250 1785 300 1850 sit
321 1784 496 1870 ejusmodi,
518 1788 560 1851 ut
578 1785 636 1852 vel
654 1785 850 1852 turonum·
870 1802 946 1850 eam
968 1785 1100 1869 ingenia
1123 1786 1258 1870 possint

149 1888 323 1962 mensium
342 1887 433 1954 hund
455 1889 632 1955 muliorum
652 1888 766 1976 spatio
779 1887 933 1973 essequit
953 1905 1060 1954 nonne
1072 1888 1257 1974 pericnlum

150 2006 224 2053 eme
237 1989 451 2070 arbitremur,
466 2000 509 2055 ne
519 1988 667 2057 facultas
684 1985 863 2056 enarrandi
877 1990 1001 2076 scriptu
1014 1998 1165 2057 veterum
1185 2011 1259 2057 om·

149 2090 214 2170 uis,
230 2109 316 2178 qnee
330 2096 399 2156 tam
413 2091 515 2158 facile
540 2091 673 2158 scilieet
695 2097 731 2158 et
752 2091 827 2158 uiue
847 2091 917 2157 ullo
936 2092 1072 2176 negotio
1086 2094 1198 2178 parari
1212 2095 1257 2160 ab

150 2193 333 2288 cujuslibet
357 2194 481 2280 ingenii
504 2193 696 2260 homiuibus
719 2189 839 2280 possit,
865 2188 1120 2261 contemnaturi
1149 2213 1259 2262 nonne

149 2294 248 2363 vnlde
281 2288 497 2364 metuendum
520 2298 577 2379 sit,
596 2317 639 2364 ue
663 2295 897 2376 Grammatiei,
921 2315 1062 2381 quorum
1090 2297 1256 2379 doctrina,

149 2401 246 2467 sicuti
259 2399 588 2482 Grammatistarnm,
603 2391 746 2467 scientia
764 2399 911 2484 vulgaris
926 2398 1166 2468 &rammuticae
1181 2402 1262 2469 sole·

148 2503 310 2572 rideatur
333 2504 508 2583 contineri,
533 2502 640 2589 inepti
662 2496 814 2567 hemines
837 2492 885 2567 ab¹
899 2494 1025 2589 ineptia
1049 2501 1262 2589 induensque

150 2604 331 2690 Tigelliis²
351 2598 523 2672 ferentur?
555 2622 664 2671 nonne
685 2604 866 2671 immitam
890 2621 932 2671 ea
959 2624 996 2670 re
1018 2605 1187 2692 juventuti
1211 2604 1258 2672 ad

150 2710 398 2796 negligentium,
414 2708 458 2776 nd
481 2708 659 2787 desidiam,
682 2705 727 2773 ad
748 2706 925 2792 pigritiem,
950 2708 1101 2793 patefieri
1120 2724 1259 2773 censere

152 2814 244 2879 musi
292 2833 404 2878 noune
430 2831 510 2878 vero
534 2806 624 2881 tristi
648 2808 857 2896 superiorum
879 2816 1065 2896 temporum
1095 2811 1256 2879 memoria

153 2915 315 2984 admoniti
325 2936 507 2997 vereamur,
522 2935 565 2981 ne
577 2912 820 2994 Grammaticu,
832 2913 899 2980 hoc
913 2919 978 2995 est,
992 2933 1046 2979 ars
1060 2913 1258 2999 discipliua-

154 3038 215 3103 que
226 3018 472 3105 interpretandi
493 3023 623 3083 ueteres
643 3019 799 3081 auctores
811 3033 892 3081 vera
904 3021 939 3082 et
952 3021 1056 3095 recta,
1068 3016 1256 3099 neglectum

154 3121 288 3188 taudem
302 3123 402 3189 istum
427 3122 692 3208 despectumque
716 3117 889 3201 indignum
911 3117 966 3185 eui
987 3117 1100 3185 ultura
1113 3116 1256 3201 grauiter

155 3230 187 3289 et
195 3225 405 3292 vindicatura
416 3227 463 3291 eit
475 3223 623 3290 omnium
636 3220 891 3307 disciplinarum
900 3220 1062 3287 bonarum
1076 3226 1110 3285 et
1123 3221 1257 3302 ardun,

155 3333 250 3415 atque
264 3329 435 3416 religionis
456 3326 540 3393 adeo
559 3327 699 3410 integroe
714 3343 777 3390 nec
788 3323 1026 3391 contaminatae
1041 3323 1163 3404 omnis,
1176 3324 1257 3408 fuga

154 3432 273 3511 misera
292 3439 397 3518 atque
418 3432 590 3518 repentine
610 3418 772 3499 interitui
817 3423 897 3508 Quo
916 3426 1036 3510 magis,
1060 3445 1137 3493 cum
1158 3425 1257 3494 edor-

154 3534 265 3602 uauda
293 3541 366 3625 eret
390 3554 478 3602 nova
505 3532 664 3600 vitarum
689 3528 933 3614 elegantissimi
961 3527 1111 3614 Nepotis
1138 3528 1255 3609 editio,

155 3636 343 3707 luciuudum
356 3636 487 3725 putaui,
500 3642 541 3702 ut
553 3636 645 3702 notis
661 3633 880 3713 Stubelienis,
889 3631 1054 3718 pestibus,
1068 3635 1108 3697 ut
1120 3630 1257 3699 demon·

157 3742 459 3822 munditenentem
476 3730 691 3824 capitalibus,
714 3732 826 3823 p‘ulsie
848 3742 884 3802 et
897 3741 1060 3821 tanquam
1077 3732 1255 3821 jugulatis,

157 3844 351 3912 reuviscere
368 3844 520 3931 juberem
535 3862 576 3910 eo
589 3841 696 3907 redire
710 3856 782 3920 eas,
797 3838 921 3924 quibus
931 3839 1129 3937 planissime
1143 3838 1259 3904 decla·

159 3952 289 4030 raretur,
303 3968 406 4036 quem
419 3948 517 4032 longe
538 3947 673 4031 lateque
697 3947 828 4030 pateret
842 3942 995 4009 doctrina
1009 3940 1255 4008 Grammatico-
1345 3937 1350 3945 '

644 4145 756 4201 Now
834 4190 835 4193 ,

442 4299 458 4329 ¹
473 4298 506 4351 v.
517 4296 572 4351 Cic.
585 4297 618 4351 sd
634 4297 751 4351 drumm
770 4309 821 4349 mr.
834 4294 963 4361 epirote.
1254 4340 1258 4351 ,
1351 4258 1475 4820 j
