2967 4875
236 367 260 436 2
691 367 886 438 r'rrsrour.

237 528 412 596 Miltiades
438 548 603 595 summam
626 528 867 600 humanitatem
891 534 928 598 et
954 531 1167 614 comitatem
1189 531 1342 600 'rueme

235 632 341 699 tocies
361 632 441 698 artis
461 633 617 699 militaris
632 633 789 720 peritiam
807 641 843 699 et
856 635 1043 715 solertiam
1066 632 1233 700 Aristides
1243 633 1341 719 justi-

112 753 119 764 ·
232 735 339 815 tiam3
364 732 559 800 Alcibiades
571 734 738 819 egregiam
753 735 906 820 corporis
920 736 1071 816 formam,
1083 743 1117 803 et
1132 736 1234 802 animi
1248 756 1343 822 mag-

233 837 418 904 citudinem
431 858 440 919 3
464 837 522 903 alii
537 838 604 903 alia
618 843 697 904 tuos
713 839 759 904 ob
768 840 886 905 oculos
895 845 1032 925 ponunt.
1075 840 1143 905 Sed
1158 857 1200 906 ea
1214 842 1342 919 omnia,

236 939 363 1007 eximie
385 942 476 1020 licet,
500 945 534 1007 ct
556 942 703 1008 omnium
728 943 934 1008 saecnlcrnnr
948 948 1184 1010 retroactorum
1197 943 1343 1008 celeber·

232 1044 330 1124 rimu,
344 1045 412 1109 tuis
426 1048 547 1124 tamen,
561 1049 633 1110 tnm
647 1047 802 1129 corporis
816 1065 894 1112 cum
914 1045 1030 1138 animi,
1049 1046 1228 1111 virtutibus
1242 1046 1343 1128 longe

120 1175 124 1184 ⁵
234 1153 314 1212 esse
343 1143 593 1230 postponenda*
606 1149 773 1217 fatentur:
808 1167 916 1234 neque
941 1153 1022 1228 tam,
1046 1153 1084 1214 nt
1109 1147 1160 1214 Te
1183 1148 1342 1227 doceant,

236 1269 340 1333 quam
369 1256 408 1314 ut
436 1249 574 1334 ipsimet
597 1252 791 1333 doceantur,
813 1258 1030 1338 conspectum
1055 1257 1149 1318 tunm
1179 1251 1341 1318 ambiunt.

236 1349 362 1417 Fenmt
390 1351 524 1437 quidem
552 1372 666 1420 secum
693 1355 858 1439 plurimas
887 1361 979 1438 togae
1003 1354 1202 1439 militiaeque
1230 1360 1340 1434 artes3

233 1455 347 1518 varlas
366 1471 440 1538 praa
463 1455 618 1522 manibus
633 1457 713 1521 suis
735 1447 869 1541 palmas
889 1462 1028 1541 gestant,
1046 1462 1220 1540 caputque
1241 1474 1342 1521 snum

233 1555 348 1621 multis
361 1556 486 1622 laureis
498 1558 687 1624 redimitum
706 1558 876 1624 exhibent.
920 1559 988 1624 Sed
999 1557 1083 1644 quid
1095 1558 1170 1623 haec
1184 1558 1298 1623 omnia
1313 1557 1343 1621 si

235 1678 310 1723 cum
325 1660 617 1745 praestantissimis
631 1660 821 1728 Luuorrc1
838 1661 972 1727 Macar
988 1662 1100 1727 Patris
1115 1662 1167 1726 tni
1181 1662 1342 1727 virtutum

233 1762 399 1847 exemplis
426 1761 659 1830 conserantur?
696 1764 728 1830 si
755 1783 831 1830 cum
863 1764 938 1849 ejus
972 1763 1159 1849 triumphis,
1192 1762 1344 1847 bellique

233 1863 438 1930 facinoribus
462 1868 727 1956 componanturl
772 1865 828 1932 An
851 1869 986 1951 negabit
1002 1867 1124 1952 aliquis
1137 1864 1188 1930 Te
1200 1866 1237 1930 in
1251 1865 1344 1930 ohsi-

234 1967 337 2035 dione
367 1965 523 2047 Dolabel,
549 1968 594 2034 ad
621 1989 722 2054 quam
750 1969 986 2037 lllnstrissimo
1013 1989 1055 2035 ac
1085 1967 1345 2053 Sapientissimo

235 2067 524 2137 Mouransnnro
540 2070 637 2137 Duce
652 2076 687 2137 et
711 2071 857 2138 Rectcre
875 2071 1047 2157 proiectus
1065 2091 1115 2148 es,
1131 2072 1229 2154 longe
1245 2070 1343 2155 plura

234 2171 278 2240 ab
292 2169 616 2255 Angustissimotno
629 2170 778 2239 Parente
793 2172 967 2254 didicisse,
983 2186 1084 2260 qnam
1098 2174 1132 2239 in
1147 2167 1345 2240 evolvendis

236 2274 390 2344 omnibus
406 2278 551 2340 veterum
566 2276 769 2342 serculorum
790 2278 1038 2357 monumentis?
1083 2277 1168 2344 Cum
1186 2278 1278 2342 enim
1289 2275 1343 2344 'l'e

233 2376 334 2445 urhis
351 2378 475 2449 moeuie
496 2378 784 2463 circumducebam
805 2400 884 2446 cum
905 2380 988 2447 Tibi
1001 2380 1097 2450 ,inter
1111 2380 1205 2463 ignes
1222 2385 1262 2444 et¹
1272 2378 1342 2447 ecla

233 2480 368 2549 hostilia
381 2482 598 2549 castrensium
611 2502 751 2567 opernm
764 2484 965 2549 munitiones
991 2484 1202 2561 ostendebat,
1219 2503 1342 2560 nonne,
1402 2549 1408 2558 ,

235 2581 514 2667 quemadmodum
536 2587 571 2651 et
594 2583 677 2648 clim
693 2603 793 2653 suum
815 2584 929 2651 Iulum
953 2586 1163 2665 AEneas,·his
1177 2591 1213 2651 te
1229 2586 1344 2654 verbis

237 2685 441 2770 compellare
459 2685 650 2753 ridebatur:
1235 2698 1239 2705 '

323 2787 465 2866 ‘Disce
480 2807 574 2873 puer,
588 2789 742 2856 virtutem
755 2810 800 2881 ex
809 2813 875 2873 me,
888 2812 1069 2880 vermqne
1080 2794 1228 2860 laborem
1239 2793 1268 2860 ‘l'

234 2891 291 2958 Ita
314 2896 367 2957 est
383 2910 494 2973 'sane;
527 2908 601 2972 nec,
629 2894 658 2958 si
682 2894 767 2960 illud
793 2896 939 2982 exejus
962 2917 1021 2962 cre
1045 2904 1111 2961 non
1134 2897 1344 2982 profluebat,

235 2994 428 3079 impavidus
458 2995 549 3061 illius
577 2996 718 3078 animus,
750 3004 932 3085 perpetuus
966 3019 1008 3065 ac
1034 2999 1219 3065 indefessus
1244 2998 1344 3063 labor

235 3098 511 3165 conticescebant.
556 3098 691 3166 Patrem
705 3103 810 3168 uerbo
822 3107 855 3167 ct
868 3102 1025 3187 exemplo
1038 3101 1213 3167 docentem
1226 3100 1344 3165 anthe

236 3199 319 3280 bas,
341 3199 377 3264 hi
391 3200 504 3264 verbis
519 3204 646 3268 tanturn
657 3201 785 3269 docent
807 3201 921 3269 Audis
929 3205 1023 3289 ipsos
1031 3203 1136 3269 multa
1148 3206 1344 3283 narrantem

234 3307 271 3366 et
285 3300 411 3386 Regem
424 3301 523 3387 mura
535 3308 568 3368 et
582 3303 713 3391 majora
723 3306 902 3373 facientem
914 3306 1020 3373 vides.
1065 3305 1245 3386 Praeterea,
1258 3303 1346 3393 quid

234 3403 289 3473 his
302 3406 338 3471 in
352 3405 545 3472 illustribus
559 3405 653 3474 Viris
666 3408 829 3489 invenias,
854 3408 947 3494 qnod
970 3428 1040 3474 non
1053 3409 1088 3473 iu
1104 3408 1343 3474 Illustrissimc

235 3509 332 3577 Duce
349 3508 644 3576 Mourmsrmo
668 3511 769 3595 longe
795 3512 1016 3578 excellentius
1032 3509 1233 3596 jampridem
1246 3511 1345 3575 inve·

235 3611 348 3679 nerisl
393 3613 515 3682 Nonne
544 3613 700 3680 Miltiade
720 3612 906 3691 humanior,
938 3613 1164 3679 Themistocle
1191 3614 1344 3697 peritior,

235 3713 390 3780 Aristide.
400 3715 537 3800 justior,
565 3715 646 3783 vitea
676 3716 861 3800 integritate
885 3715 1057 3782 Phocione
1084 3716 1222 3797 clarior3
1252 3722 1346 3780 unus

236 3817 379 3903 denique
404 3816 559 3882 omnibus
584 3818 819 3902 praesmnfiort
876 3817 1030 3897 Quatuor
1055 3817 1137 3883 olim
1161 3818 1225 3884 viri
1251 3817 1347 3903 apud

236 3916 363 3991 Persas
376 3917 559 3989 educandis
573 3918 694 3985 suturis
710 3917 822 4003 Regni
845 3918 1036 3991 haeredibus
1048 3918 1343 4006 praeficiebantur:

235 4021 418 4106 exquibus
431 4023 490 4107 qui
509 4021 791 4105 sapientissimus,
805 4042 860 4089 res
879 4040 994 4089 sacras
1011 4018 1226 4106 ae'pcliticas
1242 4019 1345 4086 Prius

238 4123 348 4209 cipem
358 4123 540 4208 edocebat3
563 4125 620 4210 qni
628 4123 854 4210 justissimus,
870 4127 913 4195 ab
928 4126 1019 4193 omni
1032 4124 1210 4191 mendacio
1221 4123 1344 4207 et'dis·

238 4226 672 4325 stantemstantem
689 4228 782 4301 vitiis
793 4229 884 4314 regio
898 4229 1058 4312 sanguine
1072 4227 1229 4312 indignis,
1244 4245 1345 4296 aver·
