<?xml version="1.0" encoding="UTF-8"?>
<!DOCTYPE html PUBLIC "-//W3C//DTD XHTML 1.0 Transitional//EN"
    "http://www.w3.org/TR/xhtml1/DTD/xhtml1-transitional.dtd">
<html xmlns="http://www.w3.org/1999/xhtml" xml:lang="en" lang="en">
 <head>
  <title>
</title>
<meta http-equiv="Content-Type" content="text/html;charset=utf-8" />
  <meta name='ocr-system' content='tesseract 3.04.00' />
  <meta name='ocr-capabilities' content='ocr_page ocr_carea ocr_par ocr_line ocrx_word'/>
</head>
<body>
  <div class='ocr_page' id='page_1' title='image "./corneliineoptis00fiscgoog/corneliineoptis00fiscgoog_0757.png"; bbox 0 0 2967 4875; ppageno 0'>
   <div class='ocr_carea' id='block_1_1' title="bbox 473 298 1212 368">
    <p class='ocr_par' dir='ltr' id='par_1_1' title="bbox 473 298 1212 368">
     <span class='ocr_line' id='line_1_1' title="bbox 473 298 1212 368; baseline 0.008 -6"><span class='ocrx_word' id='word_1_1' title='bbox 473 311 653 364; x_wconf 76' lang='lat' dir='ltr'><strong>connrcrr</strong></span> <span class='ocrx_word' id='word_1_2' title='bbox 680 310 864 363; x_wconf 78' lang='lat' dir='ltr'><strong>sunonis..</strong></span> <span class='ocrx_word' id='word_1_3' title='bbox 1143 298 1212 368; x_wconf 79' lang='lat'><strong>⁷85</strong></span> 
     </span>
    </p>
   </div>
   <div class='ocr_carea' id='block_1_2' title="bbox 186 470 1212 700">
    <p class='ocr_par' dir='ltr' id='par_1_2' title="bbox 186 470 1212 700">
     <span class='ocr_line' id='line_1_2' title="bbox 186 470 1212 587; baseline -0.013 -8"><span class='ocrx_word' id='word_1_4' title='bbox 186 516 300 580; x_wconf 72' lang='lat' dir='ltr'><strong>sris</strong></span> <span class='ocrx_word' id='word_1_5' title='bbox 320 512 360 579; x_wconf 77' lang='lat' dir='ltr'><strong>v.</strong></span> <span class='ocrx_word' id='word_1_6' title='bbox 381 470 949 583; x_wconf 77' lang='lat' dir='ltr'><strong>srssssro-rssusrsossrsss</strong></span> <span class='ocrx_word' id='word_1_7' title='bbox 972 521 1212 587; x_wconf 70' lang='lat' dir='ltr'><strong>isse-1747..</strong></span> 
     </span>
     <span class='ocr_line' id='line_1_3' title="bbox 559 635 769 700; baseline -0.014 -11"><span class='ocrx_word' id='word_1_8' title='bbox 559 635 769 700; x_wconf 81' lang='lat'>1755-1789.</span> 
     </span>
    </p>
   </div>
   <div class='ocr_carea' id='block_1_3' title="bbox 102 772 1225 4260">
    <p class='ocr_par' dir='ltr' id='par_1_3' title="bbox 102 772 1224 3764">
     <span class='ocr_line' id='line_1_4' title="bbox 102 772 1212 860; baseline -0.002 -19"><span class='ocrx_word' id='word_1_9' title='bbox 102 777 324 860; x_wconf 73' lang='lat' dir='ltr'>conjungimus</span> <span class='ocrx_word' id='word_1_10' title='bbox 351 774 543 847; x_wconf 80' lang='lat' dir='ltr'><strong>adversarios,</strong></span> <span class='ocrx_word' id='word_1_11' title='bbox 569 792 694 854; x_wconf 86' lang='lat' dir='ltr'><strong>quornm</strong></span> <span class='ocrx_word' id='word_1_12' title='bbox 733 773 892 834; x_wconf 83' lang='lat' dir='ltr'><strong>certamine</strong></span> <span class='ocrx_word' id='word_1_13' title='bbox 919 772 1057 853; x_wconf 79' lang='lat' dir='ltr'>profuere</span> <span class='ocrx_word' id='word_1_14' title='bbox 1091 776 1212 839; x_wconf 87' lang='lat' dir='ltr'><strong>lectioni</strong></span> 
     </span>
     <span class='ocr_line' id='line_1_5' title="bbox 148 870 1211 956; baseline 0.001 -18"><span class='ocrx_word' id='word_1_15' title='bbox 148 876 294 950; x_wconf 81' lang='lat' dir='ltr'><strong>Bosianse,</strong></span> <span class='ocrx_word' id='word_1_16' title='bbox 309 875 443 956; x_wconf 83' lang='lat' dir='ltr'><strong>quamvis</strong></span> <span class='ocrx_word' id='word_1_17' title='bbox 457 874 486 934; x_wconf 91' lang='lat' dir='ltr'><strong>in</strong></span> <span class='ocrx_word' id='word_1_18' title='bbox 506 873 607 954; x_wconf 88' lang='lat' dir='ltr'><strong>paucis</strong></span> <span class='ocrx_word' id='word_1_19' title='bbox 625 871 831 934; x_wconf 84' lang='lat' dir='ltr'><strong>emendaudre.</strong></span> <span class='ocrx_word' id='word_1_20' title='bbox 853 870 973 933; x_wconf 83' lang='lat' dir='ltr'><strong>Scilicet</strong></span> <span class='ocrx_word' id='word_1_21' title='bbox 985 874 1143 953; x_wconf 79' lang='lat' dir='ltr'><strong>Augustin.</strong></span> <span class='ocrx_word' id='word_1_22' title='bbox 1157 896 1211 939; x_wconf 85' lang='lat' dir='ltr'><strong>sun</strong></span> 
     </span>
     <span class='ocr_line' id='line_1_6' title="bbox 146 968 1212 1054; baseline 0 -19"><span class='ocrx_word' id='word_1_23' title='bbox 146 975 299 1047; x_wconf 80' lang='lat' dir='ltr'><strong>Staseren,</strong></span> <span class='ocrx_word' id='word_1_24' title='bbox 326 973 380 1054; x_wconf 78' lang='lat' dir='ltr'><strong>qui</strong></span> <span class='ocrx_word' id='word_1_25' title='bbox 406 993 465 1034; x_wconf 90' lang='lat' dir='ltr'><strong>non</strong></span> <span class='ocrx_word' id='word_1_26' title='bbox 501 971 591 1032; x_wconf 89' lang='lat' dir='ltr'><strong>modo</strong></span> <span class='ocrx_word' id='word_1_27' title='bbox 615 970 765 1051; x_wconf 79' lang='lat' dir='ltr'><strong>aliquibus</strong></span> <span class='ocrx_word' id='word_1_28' title='bbox 793 968 892 1031; x_wconf 87' lang='lat' dir='ltr'><strong>Codd.</strong></span> <span class='ocrx_word' id='word_1_29' title='bbox 917 972 995 1032; x_wconf 89' lang='lat' dir='ltr'><strong>Mss.</strong></span> <span class='ocrx_word' id='word_1_30' title='bbox 1022 981 1130 1051; x_wconf 73' lang='lat' dir='ltr'><strong>prater</strong></span> <span class='ocrx_word' id='word_1_31' title='bbox 1146 974 1212 1053; x_wconf 85' lang='lat' dir='ltr'><strong>jam</strong></span> 
     </span>
     <span class='ocr_line' id='line_1_7' title="bbox 147 1066 1213 1152; baseline 0.002 -19"><span class='ocrx_word' id='word_1_32' title='bbox 147 1072 299 1134; x_wconf 72' lang='lat' dir='ltr'><strong>collsma</strong></span> <span class='ocrx_word' id='word_1_33' title='bbox 312 1070 513 1152; x_wconf 88' lang='lat' dir='ltr'><strong>superioribus</strong></span> <span class='ocrx_word' id='word_1_34' title='bbox 526 1069 612 1130; x_wconf 82' lang='lat' dir='ltr'><strong>editt.</strong></span> <span class='ocrx_word' id='word_1_35' title='bbox 627 1068 762 1150; x_wconf 85' lang='lat' dir='ltr'><strong>quamuis</strong></span> <span class='ocrx_word' id='word_1_36' title='bbox 776 1066 856 1128; x_wconf 87' lang='lat' dir='ltr'><strong>haud</strong></span> <span class='ocrx_word' id='word_1_37' title='bbox 877 1068 947 1128; x_wconf 86' lang='lat' dir='ltr'><strong>setis</strong></span> <span class='ocrx_word' id='word_1_38' title='bbox 959 1068 1117 1150; x_wconf 80' lang='lat' dir='ltr'><strong>diligenter</strong></span> <span class='ocrx_word' id='word_1_39' title='bbox 1130 1092 1213 1147; x_wconf 90' lang='lat' dir='ltr'><strong>usus,</strong></span> 
     </span>
     <span class='ocr_line' id='line_1_8' title="bbox 147 1165 1214 1249; baseline 0 -18"><span class='ocrx_word' id='word_1_40' title='bbox 147 1168 205 1230; x_wconf 84' lang='lat' dir='ltr'><strong>sed</strong></span> <span class='ocrx_word' id='word_1_41' title='bbox 216 1178 248 1231; x_wconf 87' lang='lat' dir='ltr'><strong>et</strong></span> <span class='ocrx_word' id='word_1_42' title='bbox 259 1189 315 1249; x_wconf 84' lang='lat' dir='ltr'><strong>pro</strong></span> <span class='ocrx_word' id='word_1_43' title='bbox 328 1167 475 1249; x_wconf 80' lang='lat' dir='ltr'><strong>excerptis</strong></span> <span class='ocrx_word' id='word_1_44' title='bbox 498 1186 516 1227; x_wconf 86' lang='lat' dir='ltr'><strong>a</strong></span> <span class='ocrx_word' id='word_1_45' title='bbox 531 1165 702 1227; x_wconf 84' lang='lat' dir='ltr'><strong>Kenclrenio</strong></span> <span class='ocrx_word' id='word_1_46' title='bbox 715 1166 844 1245; x_wconf 78' lang='lat' dir='ltr'><strong>integras</strong></span> <span class='ocrx_word' id='word_1_47' title='bbox 859 1165 1004 1226; x_wconf 84' lang='lat' dir='ltr'><strong>variorum</strong></span> <span class='ocrx_word' id='word_1_48' title='bbox 1026 1176 1112 1228; x_wconf 67' lang='lat' dir='ltr'><strong>notu</strong></span> <span class='ocrx_word' id='word_1_49' title='bbox 1130 1169 1214 1231; x_wconf 82' lang='lat' dir='ltr'><strong>colli·</strong></span> 
     </span>
     <span class='ocr_line' id='line_1_9' title="bbox 127 1261 1214 1346; baseline -0.001 -19"><span class='ocrx_word' id='word_1_50' title='bbox 127 1268 221 1344; x_wconf 73' lang='lat' dir='ltr'><strong>&#39;gere</strong></span> <span class='ocrx_word' id='word_1_51' title='bbox 241 1266 344 1338; x_wconf 86' lang='lat' dir='ltr'><strong>soluit,</strong></span> <span class='ocrx_word' id='word_1_52' title='bbox 370 1266 462 1346; x_wconf 83' lang='lat' dir='ltr'><strong>iisque</strong></span> <span class='ocrx_word' id='word_1_53' title='bbox 482 1283 550 1325; x_wconf 88' lang='lat' dir='ltr'><strong>suas</strong></span> <span class='ocrx_word' id='word_1_54' title='bbox 573 1261 688 1323; x_wconf 87' lang='lat' dir='ltr'><strong>addidit</strong></span> <span class='ocrx_word' id='word_1_55' title='bbox 711 1280 760 1323; x_wconf 88' lang='lat' dir='ltr'><strong>aa.</strong></span> <span class='ocrx_word' id='word_1_56' title='bbox 778 1270 865 1331; x_wconf 82' lang='grc'><strong>1734.</strong></span> <span class='ocrx_word' id='word_1_57' title='bbox 893 1261 926 1321; x_wconf 86' lang='lat' dir='ltr'><strong>ln</strong></span> <span class='ocrx_word' id='word_1_58' title='bbox 948 1280 1006 1341; x_wconf 83' lang='lat' dir='ltr'><strong>qna</strong></span> <span class='ocrx_word' id='word_1_59' title='bbox 1029 1261 1214 1344; x_wconf 88' lang='lat' dir='ltr'><strong>locupletisri</strong></span> 
     </span>
     <span class='ocr_line' id='line_1_10' title="bbox 149 1357 1214 1443; baseline 0.003 -21"><span class='ocrx_word' id='word_1_60' title='bbox 149 1363 280 1424; x_wconf 76' lang='lat' dir='ltr'><strong>editione</strong></span> <span class='ocrx_word' id='word_1_61' title='bbox 306 1363 377 1443; x_wconf 89' lang='lat' dir='ltr'><strong>quid</strong></span> <span class='ocrx_word' id='word_1_62' title='bbox 402 1361 460 1423; x_wconf 89' lang='lat' dir='ltr'><strong>sibi</strong></span> <span class='ocrx_word' id='word_1_63' title='bbox 482 1361 663 1441; x_wconf 76' lang='lat' dir='ltr'><strong>displiceret,</strong></span> <span class='ocrx_word' id='word_1_64' title='bbox 701 1378 770 1419; x_wconf 89' lang='lat' dir='ltr'><strong>cnm</strong></span> <span class='ocrx_word' id='word_1_65' title='bbox 797 1359 847 1422; x_wconf 83' lang='lat' dir='ltr'><strong>lo.</strong></span> <span class='ocrx_word' id='word_1_66' title='bbox 873 1357 969 1420; x_wconf 84' lang='lat' dir='ltr'><strong>Micb.</strong></span> <span class='ocrx_word' id='word_1_67' title='bbox 1004 1358 1214 1442; x_wconf 76' lang='lat' dir='ltr'><strong>Heusingerus,</strong></span> 
     </span>
     <span class='ocr_line' id='line_1_11' title="bbox 152 1455 1215 1538; baseline -0.002 -17"><span class='ocrx_word' id='word_1_68' title='bbox 152 1460 263 1521; x_wconf 80' lang='lat' dir='ltr'><strong>liectnr</strong></span> <span class='ocrx_word' id='word_1_69' title='bbox 277 1458 468 1532; x_wconf 87' lang='lat' dir='ltr'><strong>Isenscensis,</strong></span> <span class='ocrx_word' id='word_1_70' title='bbox 484 1458 514 1518; x_wconf 92' lang='lat' dir='ltr'><strong>in</strong></span> <span class='ocrx_word' id='word_1_71' title='bbox 529 1456 687 1538; x_wconf 76' lang='lat' dir='ltr'><strong>spicilegio</strong></span> <span class='ocrx_word' id='word_1_72' title='bbox 700 1455 848 1518; x_wconf 84' lang='lat' dir='ltr'><strong>Emendd.</strong></span> <span class='ocrx_word' id='word_1_73' title='bbox 862 1475 910 1518; x_wconf 86' lang='lat' dir='ltr'><strong>sn.</strong></span> <span class='ocrx_word' id='word_1_74' title='bbox 927 1463 1015 1526; x_wconf 90' lang='grc'><strong>1744.</strong></span> <span class='ocrx_word' id='word_1_75' title='bbox 1025 1459 1215 1532; x_wconf 86' lang='lat' dir='ltr'><strong>ostendisset,</strong></span> 
     </span>
     <span class='ocr_line' id='line_1_12' title="bbox 150 1552 1216 1638; baseline -0.002 -20"><span class='ocrx_word' id='word_1_76' title='bbox 150 1555 500 1638; x_wconf 67' lang='lat' dir='ltr'><strong>fiasdcrepitstaverius</strong></span> <span class='ocrx_word' id='word_1_77' title='bbox 514 1555 544 1615; x_wconf 90' lang='lat' dir='ltr'><strong>in</strong></span> <span class='ocrx_word' id='word_1_78' title='bbox 564 1553 657 1616; x_wconf 89' lang='lat' dir='ltr'><strong>Obss.</strong></span> <span class='ocrx_word' id='word_1_79' title='bbox 674 1553 803 1615; x_wconf 86' lang='lat' dir='ltr'><strong>Miscell.</strong></span> <span class='ocrx_word' id='word_1_80' title='bbox 829 1552 1028 1614; x_wconf 79' lang='lat' dir='ltr'><strong>Dorvillianis.</strong></span> <span class='ocrx_word' id='word_1_81' title='bbox 1050 1555 1216 1637; x_wconf 76' lang='lat' dir='ltr'><strong>Heusinge-</strong></span> 
     </span>
     <span class='ocr_line' id='line_1_13' title="bbox 151 1649 1216 1716; baseline 0 -2"><span class='ocrx_word' id='word_1_82' title='bbox 151 1673 204 1715; x_wconf 93' lang='lat' dir='ltr'><strong>rus</strong></span> <span class='ocrx_word' id='word_1_83' title='bbox 218 1674 288 1715; x_wconf 87' lang='lat' dir='ltr'><strong>sero</strong></span> <span class='ocrx_word' id='word_1_84' title='bbox 302 1654 391 1716; x_wconf 82' lang='lat' dir='ltr'><strong>etism</strong></span> <span class='ocrx_word' id='word_1_85' title='bbox 413 1652 581 1714; x_wconf 69' lang='lat' dir='ltr'><strong>instructior</strong></span> <span class='ocrx_word' id='word_1_86' title='bbox 598 1670 616 1711; x_wconf 86' lang='lat' dir='ltr'><strong>a</strong></span> <span class='ocrx_word' id='word_1_87' title='bbox 630 1649 837 1713; x_wconf 73' lang='lat' dir='ltr'><strong>collationibus</strong></span> <span class='ocrx_word' id='word_1_88' title='bbox 860 1651 920 1711; x_wconf 79' lang='lat' dir='ltr'><strong>Ms.</strong></span> <span class='ocrx_word' id='word_1_89' title='bbox 934 1649 1078 1711; x_wconf 80' lang='lat' dir='ltr'><strong>Axenisni</strong></span> <span class='ocrx_word' id='word_1_90' title='bbox 1092 1659 1123 1712; x_wconf 91' lang='lat' dir='ltr'><strong>et</strong></span> <span class='ocrx_word' id='word_1_91' title='bbox 1143 1652 1216 1714; x_wconf 87' lang='lat' dir='ltr'><strong>edd.</strong></span> 
     </span>
     <span class='ocr_line' id='line_1_14' title="bbox 152 1746 1217 1830; baseline 0.001 -20"><span class='ocrx_word' id='word_1_92' title='bbox 152 1751 270 1830; x_wconf 85' lang='lat' dir='ltr'><strong>priscis,</strong></span> <span class='ocrx_word' id='word_1_93' title='bbox 285 1749 363 1811; x_wconf 90' lang='lat' dir='ltr'><strong>band</strong></span> <span class='ocrx_word' id='word_1_94' title='bbox 379 1760 474 1812; x_wconf 86' lang='lat' dir='ltr'><strong>tamen</strong></span> <span class='ocrx_word' id='word_1_95' title='bbox 497 1748 709 1811; x_wconf 80' lang='lat' dir='ltr'><strong>Ascensianum</strong></span> <span class='ocrx_word' id='word_1_96' title='bbox 736 1765 762 1809; x_wconf 90' lang='lat'><strong>1.</strong></span> <span class='ocrx_word' id='word_1_97' title='bbox 786 1757 818 1809; x_wconf 90' lang='lat' dir='ltr'><strong>et</strong></span> <span class='ocrx_word' id='word_1_98' title='bbox 842 1746 981 1808; x_wconf 82' lang='lat' dir='ltr'><strong>Aldinanr</strong></span> <span class='ocrx_word' id='word_1_99' title='bbox 997 1748 1217 1828; x_wconf 77' lang='lat' dir='ltr'><strong>superantibus,</strong></span> 
     </span>
     <span class='ocr_line' id='line_1_15' title="bbox 152 1842 1217 1918; baseline -0.001 -10"><span class='ocrx_word' id='word_1_100' title='bbox 152 1846 208 1908; x_wconf 85' lang='lat' dir='ltr'><strong>nisi</strong></span> <span class='ocrx_word' id='word_1_101' title='bbox 222 1847 252 1906; x_wconf 91' lang='lat' dir='ltr'><strong>in</strong></span> <span class='ocrx_word' id='word_1_102' title='bbox 267 1847 327 1908; x_wconf 85' lang='lat' dir='ltr'><strong>sits</strong></span> <span class='ocrx_word' id='word_1_103' title='bbox 335 1847 428 1909; x_wconf 86' lang='lat' dir='ltr'><strong>llttiei</strong></span> <span class='ocrx_word' id='word_1_104' title='bbox 440 1847 490 1909; x_wconf 87' lang='lat' dir='ltr'><strong>ed.</strong></span> <span class='ocrx_word' id='word_1_105' title='bbox 512 1846 600 1907; x_wconf 88' lang='lat' dir='ltr'><strong>Rom.</strong></span> <span class='ocrx_word' id='word_1_106' title='bbox 612 1854 700 1918; x_wconf 83' lang='grc'><strong>1490.</strong></span> <span class='ocrx_word' id='word_1_107' title='bbox 713 1843 838 1906; x_wconf 87' lang='lat' dir='ltr'><strong>accessit</strong></span> <span class='ocrx_word' id='word_1_108' title='bbox 850 1842 889 1905; x_wconf 87' lang='lat' dir='ltr'><strong>ad</strong></span> <span class='ocrx_word' id='word_1_109' title='bbox 900 1844 1053 1906; x_wconf 85' lang='lat' dir='ltr'><strong>anianaru</strong></span> <span class='ocrx_word' id='word_1_110' title='bbox 1069 1846 1217 1907; x_wconf 89' lang='lat' dir='ltr'><strong>11.denuo</strong></span> 
     </span>
     <span class='ocr_line' id='line_1_16' title="bbox 149 1940 1219 2016; baseline -0.002 -10"><span class='ocrx_word' id='word_1_111' title='bbox 149 1943 373 2016; x_wconf 81' lang='lat' dir='ltr'><strong>recensendam,</strong></span> <span class='ocrx_word' id='word_1_112' title='bbox 399 1944 439 2006; x_wconf 88' lang='lat' dir='ltr'><strong>rb</strong></span> <span class='ocrx_word' id='word_1_113' title='bbox 459 1962 495 2004; x_wconf 88' lang='lat' dir='ltr'><strong>es</strong></span> <span class='ocrx_word' id='word_1_114' title='bbox 516 1943 610 2003; x_wconf 81' lang='lat' dir='ltr'><strong>rarius</strong></span> <span class='ocrx_word' id='word_1_115' title='bbox 631 1940 819 2012; x_wconf 85' lang='lat' dir='ltr'><strong>dissentiens,</strong></span> <span class='ocrx_word' id='word_1_116' title='bbox 847 1949 976 2002; x_wconf 87' lang='lat' dir='ltr'><strong>ceterum</strong></span> <span class='ocrx_word' id='word_1_117' title='bbox 995 1940 1219 2004; x_wconf 85' lang='lat' dir='ltr'><strong>sic&#39;illustrsvit</strong></span> 
     </span>
     <span class='ocr_line' id='line_1_17' title="bbox 151 2035 1218 2117; baseline 0 -16"><span class='ocrx_word' id='word_1_118' title='bbox 151 2041 229 2101; x_wconf 89' lang='lat' dir='ltr'><strong>notis</strong></span> <span class='ocrx_word' id='word_1_119' title='bbox 252 2052 285 2103; x_wconf 91' lang='lat' dir='ltr'><strong>et</strong></span> <span class='ocrx_word' id='word_1_120' title='bbox 309 2040 435 2103; x_wconf 85' lang='lat' dir='ltr'><strong>auctiori</strong></span> <span class='ocrx_word' id='word_1_121' title='bbox 460 2041 587 2101; x_wconf 81' lang='lat' dir='ltr'><strong>llosiruo</strong></span> <span class='ocrx_word' id='word_1_122' title='bbox 610 2038 724 2111; x_wconf 83' lang='lat' dir='ltr'><strong>lndicr,</strong></span> <span class='ocrx_word' id='word_1_123' title='bbox 752 2048 784 2098; x_wconf 91' lang='lat' dir='ltr'><strong>ut</strong></span> <span class='ocrx_word' id='word_1_124' title='bbox 807 2035 906 2117; x_wconf 82' lang='lat' dir='ltr'><strong>quoad</strong></span> <span class='ocrx_word' id='word_1_125' title='bbox 920 2037 1053 2098; x_wconf 85' lang='lat' dir='ltr'><strong>criticam</strong></span> <span class='ocrx_word' id='word_1_126' title='bbox 1074 2039 1218 2101; x_wconf 85' lang='lat' dir='ltr'><strong>rationem</strong></span> 
     </span>
     <span class='ocr_line' id='line_1_18' title="bbox 154 2133 1218 2219; baseline -0.001 -21"><span class='ocrx_word' id='word_1_127' title='bbox 154 2138 284 2218; x_wconf 75' lang='lat' dir='ltr'><strong>prinum</strong></span> <span class='ocrx_word' id='word_1_128' title='bbox 295 2137 481 2219; x_wconf 70' lang='lat' dir='ltr'><strong>proripuisse</strong></span> <span class='ocrx_word' id='word_1_129' title='bbox 490 2135 623 2199; x_wconf 84' lang='lat' dir='ltr'><strong>Stauesio</strong></span> <span class='ocrx_word' id='word_1_130' title='bbox 631 2134 694 2196; x_wconf 82' lang='lat' dir='ltr'><strong>lere</strong></span> <span class='ocrx_word' id='word_1_131' title='bbox 704 2133 853 2195; x_wconf 83' lang='lat' dir='ltr'><strong>uideretur</strong></span> <span class='ocrx_word' id='word_1_132' title='bbox 866 2141 954 2205; x_wconf 90' lang='grc'><strong>1747.</strong></span> <span class='ocrx_word' id='word_1_133' title='bbox 964 2144 995 2195; x_wconf 88' lang='lat' dir='ltr'><strong>et</strong></span> <span class='ocrx_word' id='word_1_134' title='bbox 1008 2142 1097 2203; x_wconf 82' lang='grc'><strong>1755.</strong></span> <span class='ocrx_word' id='word_1_135' title='bbox 1110 2135 1218 2217; x_wconf 85' lang='lat' dir='ltr'><strong>Neque</strong></span> 
     </span>
     <span class='ocr_line' id='line_1_19' title="bbox 154 2231 1220 2314; baseline 0.001 -20"><span class='ocrx_word' id='word_1_136' title='bbox 154 2243 254 2296; x_wconf 85' lang='lat' dir='ltr'><strong>tanen</strong></span> <span class='ocrx_word' id='word_1_137' title='bbox 266 2234 315 2295; x_wconf 89' lang='lat' dir='ltr'><strong>ille</strong></span> <span class='ocrx_word' id='word_1_138' title='bbox 329 2243 400 2314; x_wconf 90' lang='lat' dir='ltr'><strong>post</strong></span> <span class='ocrx_word' id='word_1_139' title='bbox 413 2233 585 2314; x_wconf 78' lang='lat' dir='ltr'><strong>Heusingeri</strong></span> <span class='ocrx_word' id='word_1_140' title='bbox 598 2231 704 2304; x_wconf 86' lang='lat' dir='ltr'><strong>latum,</strong></span> <span class='ocrx_word' id='word_1_141' title='bbox 725 2251 826 2293; x_wconf 74' lang='lat' dir='ltr'><strong>nevos</strong></span> <span class='ocrx_word' id='word_1_142' title='bbox 838 2231 911 2293; x_wconf 79' lang='lat' dir='ltr'><strong>edit</strong></span> <span class='ocrx_word' id='word_1_143' title='bbox 937 2249 961 2293; x_wconf 91' lang='lat'><strong>1.</strong></span> <span class='ocrx_word' id='word_1_144' title='bbox 984 2251 1046 2293; x_wconf 77' lang='lat' dir='ltr'><strong>sue</strong></span> <span class='ocrx_word' id='word_1_145' title='bbox 1071 2233 1102 2292; x_wconf 93' lang='lat' dir='ltr'><strong>in</strong></span> <span class='ocrx_word' id='word_1_146' title='bbox 1126 2233 1220 2295; x_wconf 83' lang='lat' dir='ltr'><strong>altera</strong></span> 
     </span>
     <span class='ocr_line' id='line_1_20' title="bbox 157 2326 1220 2410; baseline 0 -20"><span class='ocrx_word' id='word_1_147' title='bbox 157 2330 407 2403; x_wconf 83' lang='lat' dir='ltr'><strong>1755.abstsrsit,</strong></span> <span class='ocrx_word' id='word_1_148' title='bbox 426 2330 480 2391; x_wconf 90' lang='lat' dir='ltr'><strong>sed</strong></span> <span class='ocrx_word' id='word_1_149' title='bbox 505 2340 536 2391; x_wconf 87' lang='lat' dir='ltr'><strong>et</strong></span> <span class='ocrx_word' id='word_1_150' title='bbox 550 2328 635 2410; x_wconf 84' lang='lat' dir='ltr'><strong>quusi</strong></span> <span class='ocrx_word' id='word_1_151' title='bbox 649 2326 913 2407; x_wconf 79' lang='lat' dir='ltr'><strong>Heusingeriananr</strong></span> <span class='ocrx_word' id='word_1_152' title='bbox 928 2346 989 2389; x_wconf 90' lang='lat' dir='ltr'><strong>non</strong></span> <span class='ocrx_word' id='word_1_153' title='bbox 1007 2329 1123 2405; x_wconf 84' lang='lat' dir='ltr'><strong>viderit,</strong></span> <span class='ocrx_word' id='word_1_154' title='bbox 1146 2349 1220 2392; x_wconf 89' lang='lat' dir='ltr'><strong>con·</strong></span> 
     </span>
     <span class='ocr_line' id='line_1_21' title="bbox 157 2424 1221 2509; baseline 0.002 -23"><span class='ocrx_word' id='word_1_155' title='bbox 157 2426 234 2488; x_wconf 85' lang='lat' dir='ltr'><strong>sicia</strong></span> <span class='ocrx_word' id='word_1_156' title='bbox 259 2427 356 2509; x_wconf 88' lang='lat' dir='ltr'><strong>priora</strong></span> <span class='ocrx_word' id='word_1_157' title='bbox 382 2426 512 2509; x_wconf 82' lang='lat' dir='ltr'><strong>repetiit,</strong></span> <span class='ocrx_word' id='word_1_158' title='bbox 534 2438 669 2489; x_wconf 85' lang='lat' dir='ltr'><strong>notarum</strong></span> <span class='ocrx_word' id='word_1_159' title='bbox 695 2424 868 2508; x_wconf 74' lang='lat' dir='ltr'><strong>farraginem</strong></span> <span class='ocrx_word' id='word_1_160' title='bbox 892 2427 977 2489; x_wconf 84' lang='lat' dir='ltr'><strong>noris</strong></span> <span class='ocrx_word' id='word_1_161' title='bbox 997 2427 1090 2490; x_wconf 76' lang='lat' dir='ltr'><strong>nuxit.</strong></span> <span class='ocrx_word' id='word_1_162' title='bbox 1131 2426 1221 2489; x_wconf 87' lang='lat' dir='ltr'><strong>Haud</strong></span> 
     </span>
     <span class='ocr_line' id='line_1_22' title="bbox 155 2523 1219 2606; baseline 0.002 -21"><span class='ocrx_word' id='word_1_163' title='bbox 155 2523 289 2585; x_wconf 88' lang='lat' dir='ltr'><strong>inutilem</strong></span> <span class='ocrx_word' id='word_1_164' title='bbox 303 2533 372 2605; x_wconf 89' lang='lat' dir='ltr'><strong>post</strong></span> <span class='ocrx_word' id='word_1_165' title='bbox 384 2527 450 2606; x_wconf 58' lang='lat' dir='ltr'><strong>,bos</strong></span> <span class='ocrx_word' id='word_1_166' title='bbox 462 2525 637 2588; x_wconf 87' lang='lat' dir='ltr'><strong>duumviros</strong></span> <span class='ocrx_word' id='word_1_167' title='bbox 650 2544 771 2604; x_wconf 88' lang='lat' dir='ltr'><strong>operam</strong></span> <span class='ocrx_word' id='word_1_168' title='bbox 786 2524 950 2586; x_wconf 82' lang='lat' dir='ltr'><strong>consumsit</strong></span> <span class='ocrx_word' id='word_1_169' title='bbox 967 2525 1038 2586; x_wconf 85' lang='lat' dir='ltr'><strong>clnr.</strong></span> <span class='ocrx_word' id='word_1_170' title='bbox 1063 2526 1113 2587; x_wconf 84' lang='lat' dir='ltr'><strong>Jo.</strong></span> <span class='ocrx_word' id='word_1_171' title='bbox 1138 2524 1219 2587; x_wconf 83' lang='lat' dir='ltr'><strong>Frid.</strong></span> 
     </span>
     <span class='ocr_line' id='line_1_23' title="bbox 156 2619 1219 2703; baseline 0.001 -22"><span class='ocrx_word' id='word_1_172' title='bbox 156 2619 287 2695; x_wconf 70' lang='lat' dir='ltr'><strong>Frscber,</strong></span> <span class='ocrx_word' id='word_1_173' title='bbox 302 2621 384 2683; x_wconf 77' lang='lat' dir='ltr'><strong>Prot.</strong></span> <span class='ocrx_word' id='word_1_174' title='bbox 398 2622 481 2702; x_wconf 88' lang='lat' dir='ltr'><strong>Lips.</strong></span> <span class='ocrx_word' id='word_1_175' title='bbox 493 2622 523 2683; x_wconf 90' lang='lat' dir='ltr'><strong>in</strong></span> <span class='ocrx_word' id='word_1_176' title='bbox 537 2622 637 2684; x_wconf 88' lang='lat' dir='ltr'><strong>libello</strong></span> <span class='ocrx_word' id='word_1_177' title='bbox 651 2622 798 2684; x_wconf 68' lang='lat' dir='ltr'><strong>mnarum</strong></span> <span class='ocrx_word' id='word_1_178' title='bbox 811 2622 971 2684; x_wconf 65' lang='lat' dir='ltr'><strong>hesionam</strong></span> <span class='ocrx_word' id='word_1_179' title='bbox 985 2623 1119 2703; x_wconf 81' lang='lat' dir='ltr'><strong>repetitae</strong></span> <span class='ocrx_word' id='word_1_180' title='bbox 1139 2622 1219 2683; x_wconf 85' lang='lat' dir='ltr'><strong>anii</strong></span> 
     </span>
     <span class='ocr_line' id='line_1_24' title="bbox 156 2716 1222 2801; baseline 0.003 -23"><span class='ocrx_word' id='word_1_181' title='bbox 156 2716 281 2779; x_wconf 90' lang='lat' dir='ltr'><strong>editioni</strong></span> <span class='ocrx_word' id='word_1_182' title='bbox 305 2736 356 2780; x_wconf 86' lang='lat' dir='ltr'><strong>sn.</strong></span> <span class='ocrx_word' id='word_1_183' title='bbox 374 2727 464 2791; x_wconf 81' lang='lat'><strong>1759.</strong></span> <span class='ocrx_word' id='word_1_184' title='bbox 483 2739 552 2781; x_wconf 88' lang='lat' dir='ltr'><strong>cum</strong></span> <span class='ocrx_word' id='word_1_185' title='bbox 565 2720 671 2783; x_wconf 86' lang='lat' dir='ltr'><strong>illustr.</strong></span> <span class='ocrx_word' id='word_1_186' title='bbox 686 2719 770 2801; x_wconf 78' lang='lat' dir='ltr'><strong>prael.</strong></span> <span class='ocrx_word' id='word_1_187' title='bbox 787 2721 826 2781; x_wconf 91' lang='lat' dir='ltr'><strong>de</strong></span> <span class='ocrx_word' id='word_1_188' title='bbox 838 2720 938 2783; x_wconf 84' lang='lat' dir='ltr'><strong>Codd.</strong></span> <span class='ocrx_word' id='word_1_189' title='bbox 959 2730 991 2782; x_wconf 90' lang='lat' dir='ltr'><strong>et</strong></span> <span class='ocrx_word' id='word_1_190' title='bbox 1011 2721 1096 2784; x_wconf 86' lang='lat' dir='ltr'><strong>editt.</strong></span> <span class='ocrx_word' id='word_1_191' title='bbox 1119 2720 1222 2800; x_wconf 89' lang='lat' dir='ltr'><strong>Nepo-</strong></span> 
     </span>
     <span class='ocr_line' id='line_1_25' title="bbox 156 2814 1222 2899; baseline 0.002 -23"><span class='ocrx_word' id='word_1_192' title='bbox 156 2814 206 2887; x_wconf 86' lang='lat' dir='ltr'><strong>tis,</strong></span> <span class='ocrx_word' id='word_1_193' title='bbox 221 2815 520 2895; x_wconf 76' lang='lat' dir='ltr'><strong>lrsgmentisdnobus</strong></span> <span class='ocrx_word' id='word_1_194' title='bbox 535 2838 571 2878; x_wconf 85' lang='lat' dir='ltr'><strong>ex</strong></span> <span class='ocrx_word' id='word_1_195' title='bbox 586 2818 663 2880; x_wconf 87' lang='lat' dir='ltr'><strong>Cnd.</strong></span> <span class='ocrx_word' id='word_1_196' title='bbox 679 2818 869 2899; x_wconf 79' lang='lat' dir='ltr'><strong>Guelferbyt.</strong></span> <span class='ocrx_word' id='word_1_197' title='bbox 885 2820 980 2881; x_wconf 86' lang='lat' dir='ltr'><strong>aJsc.</strong></span> <span class='ocrx_word' id='word_1_198' title='bbox 996 2818 1075 2880; x_wconf 84' lang='lat' dir='ltr'><strong>Frid.</strong></span> <span class='ocrx_word' id='word_1_199' title='bbox 1097 2818 1222 2880; x_wconf 87' lang='lat' dir='ltr'><strong>Heusin-</strong></span> 
     </span>
     <span class='ocr_line' id='line_1_26' title="bbox 155 2910 1222 2996; baseline 0.004 -25"><span class='ocrx_word' id='word_1_200' title='bbox 155 2929 238 2991; x_wconf 68' lang='grc' dir='ltr'><strong>μισ,</strong></span> <span class='ocrx_word' id='word_1_201' title='bbox 254 2910 391 2974; x_wconf 77' lang='lat' dir='ltr'><strong>estrutre</strong></span> <span class='ocrx_word' id='word_1_202' title='bbox 412 2915 462 2976; x_wconf 85' lang='lat' dir='ltr'><strong>Jo.</strong></span> <span class='ocrx_word' id='word_1_203' title='bbox 487 2914 585 2977; x_wconf 87' lang='lat' dir='ltr'><strong>Micb.</strong></span> <span class='ocrx_word' id='word_1_204' title='bbox 608 2924 726 2995; x_wconf 90' lang='lat' dir='ltr'><strong>nepote,</strong></span> <span class='ocrx_word' id='word_1_205' title='bbox 749 2915 873 2986; x_wconf 75' lang='lat' dir='ltr'><strong>addito:</strong></span> <span class='ocrx_word' id='word_1_206' title='bbox 896 2935 965 2996; x_wconf 83' lang='lat' dir='ltr'><strong>quse</strong></span> <span class='ocrx_word' id='word_1_207' title='bbox 986 2916 1090 2977; x_wconf 87' lang='lat' dir='ltr'><strong>iterum</strong></span> <span class='ocrx_word' id='word_1_208' title='bbox 1110 2915 1222 2996; x_wconf 88' lang='lat' dir='ltr'><strong>prodiit</strong></span> 
     </span>
     <span class='ocr_line' id='line_1_27' title="bbox 160 3009 1221 3095; baseline 0.003 -26"><span class='ocrx_word' id='word_1_209' title='bbox 160 3009 251 3077; x_wconf 84' lang='grc'><strong>1768.</strong></span> <span class='ocrx_word' id='word_1_210' title='bbox 274 3009 401 3073; x_wconf 84' lang='lat' dir='ltr'><strong>auctior.</strong></span> <span class='ocrx_word' id='word_1_211' title='bbox 420 3010 540 3071; x_wconf 86' lang='lat' dir='ltr'><strong>Interim</strong></span> <span class='ocrx_word' id='word_1_212' title='bbox 557 3011 761 3074; x_wconf 84' lang='lat' dir='ltr'><strong>Stauerisnarn</strong></span> <span class='ocrx_word' id='word_1_213' title='bbox 787 3028 826 3074; x_wconf 85' lang='lat'><strong>11.</strong></span> <span class='ocrx_word' id='word_1_214' title='bbox 851 3013 924 3075; x_wconf 86' lang='lat' dir='ltr'><strong>clsr.</strong></span> <span class='ocrx_word' id='word_1_215' title='bbox 944 3013 994 3074; x_wconf 84' lang='lat' dir='ltr'><strong>Jo.</strong></span> <span class='ocrx_word' id='word_1_216' title='bbox 1009 3014 1120 3095; x_wconf 86' lang='lat' dir='ltr'><strong>Kappii</strong></span> <span class='ocrx_word' id='word_1_217' title='bbox 1144 3012 1221 3074; x_wconf 86' lang='lat' dir='ltr'><strong>uotis</strong></span> 
     </span>
     <span class='ocr_line' id='line_1_28' title="bbox 156 3104 1222 3190; baseline 0.005 -24"><span class='ocrx_word' id='word_1_218' title='bbox 156 3104 278 3185; x_wconf 86' lang='lat' dir='ltr'><strong>suisque</strong></span> <span class='ocrx_word' id='word_1_219' title='bbox 290 3106 498 3187; x_wconf 87' lang='lat' dir='ltr'><strong>locupletatam</strong></span> <span class='ocrx_word' id='word_1_220' title='bbox 519 3109 651 3171; x_wconf 88' lang='lat' dir='ltr'><strong>reddidit</strong></span> <span class='ocrx_word' id='word_1_221' title='bbox 671 3109 837 3190; x_wconf 79' lang='lat' dir='ltr'><strong>philologus</strong></span> <span class='ocrx_word' id='word_1_222' title='bbox 858 3109 985 3171; x_wconf 86' lang='lat' dir='ltr'><strong>celebris</strong></span> <span class='ocrx_word' id='word_1_223' title='bbox 996 3108 1132 3190; x_wconf 83' lang='lat' dir='ltr'><strong>Tbeopb.</strong></span> <span class='ocrx_word' id='word_1_224' title='bbox 1148 3110 1222 3172; x_wconf 86' lang='lat' dir='ltr'><strong>Cbr.</strong></span> 
     </span>
     <span class='ocr_line' id='line_1_29' title="bbox 158 3203 1222 3286; baseline 0.005 -23"><span class='ocrx_word' id='word_1_225' title='bbox 158 3203 265 3264; x_wconf 87' lang='lat' dir='ltr'><strong>Harles</strong></span> <span class='ocrx_word' id='word_1_226' title='bbox 286 3205 420 3284; x_wconf 74' lang='lat' dir='ltr'><strong>Erlangae</strong></span> <span class='ocrx_word' id='word_1_227' title='bbox 453 3214 541 3277; x_wconf 87' lang='grc'><strong>1774.</strong></span> <span class='ocrx_word' id='word_1_228' title='bbox 566 3225 654 3286; x_wconf 83' lang='lat' dir='ltr'><strong>quam</strong></span> <span class='ocrx_word' id='word_1_229' title='bbox 670 3207 709 3267; x_wconf 92' lang='lat' dir='ltr'><strong>ad</strong></span> <span class='ocrx_word' id='word_1_230' title='bbox 737 3207 788 3267; x_wconf 86' lang='lat' dir='ltr'><strong>ed.</strong></span> <span class='ocrx_word' id='word_1_231' title='bbox 816 3206 966 3268; x_wconf 86' lang='lat' dir='ltr'><strong>uberiores</strong></span> <span class='ocrx_word' id='word_1_232' title='bbox 993 3215 1078 3269; x_wconf 83' lang='lat' dir='ltr'><strong>notas</strong></span> <span class='ocrx_word' id='word_1_233' title='bbox 1103 3207 1222 3270; x_wconf 86' lang='lat' dir='ltr'><strong>criticas</strong></span> 
     </span>
     <span class='ocr_line' id='line_1_30' title="bbox 157 3301 1223 3383; baseline 0.003 -21"><span class='ocrx_word' id='word_1_234' title='bbox 157 3301 275 3379; x_wconf 75' lang='lat' dir='ltr'><strong>scripsit</strong></span> <span class='ocrx_word' id='word_1_235' title='bbox 288 3301 365 3362; x_wconf 89' lang='lat' dir='ltr'><strong>idem</strong></span> <span class='ocrx_word' id='word_1_236' title='bbox 379 3301 526 3383; x_wconf 86' lang='lat' dir='ltr'><strong>Keppius.</strong></span> <span class='ocrx_word' id='word_1_237' title='bbox 547 3303 606 3363; x_wconf 80' lang='lat' dir='ltr'><strong>Alii</strong></span> <span class='ocrx_word' id='word_1_238' title='bbox 621 3303 734 3366; x_wconf 84' lang='lat' dir='ltr'><strong>interea</strong></span> <span class='ocrx_word' id='word_1_239' title='bbox 747 3303 827 3365; x_wconf 79' lang='lat' dir='ltr'><strong>liosii</strong></span> <span class='ocrx_word' id='word_1_240' title='bbox 846 3303 1047 3366; x_wconf 84' lang='lat' dir='ltr'><strong>recensionem</strong></span> <span class='ocrx_word' id='word_1_241' title='bbox 1069 3305 1164 3365; x_wconf 85' lang='lat' dir='ltr'><strong>secuti</strong></span> <span class='ocrx_word' id='word_1_242' title='bbox 1175 3303 1223 3365; x_wconf 84' lang='lat' dir='ltr'><strong>sel</strong></span> 
     </span>
     <span class='ocr_line' id='line_1_31' title="bbox 158 3397 1222 3479; baseline 0.004 -21"><span class='ocrx_word' id='word_1_243' title='bbox 158 3397 277 3459; x_wconf 77' lang='lat' dir='ltr'><strong>cellarii</strong></span> <span class='ocrx_word' id='word_1_244' title='bbox 300 3408 394 3473; x_wconf 71' lang='lat' dir='ltr'><strong>nous,</strong></span> <span class='ocrx_word' id='word_1_245' title='bbox 418 3409 453 3459; x_wconf 93' lang='lat' dir='ltr'><strong>ut</strong></span> <span class='ocrx_word' id='word_1_246' title='bbox 465 3400 704 3462; x_wconf 87' lang='lat' dir='ltr'><strong>adolescentibus</strong></span> <span class='ocrx_word' id='word_1_247' title='bbox 718 3401 862 3473; x_wconf 86' lang='lat' dir='ltr'><strong>utiliores,</strong></span> <span class='ocrx_word' id='word_1_248' title='bbox 887 3399 1079 3479; x_wconf 86' lang='lat' dir='ltr'><strong>repetierunt,</strong></span> <span class='ocrx_word' id='word_1_249' title='bbox 1103 3409 1136 3461; x_wconf 95' lang='lat' dir='ltr'><strong>ut</strong></span> <span class='ocrx_word' id='word_1_250' title='bbox 1150 3400 1222 3463; x_wconf 84' lang='lat' dir='ltr'><strong>Cirr.</strong></span> 
     </span>
     <span class='ocr_line' id='line_1_32' title="bbox 158 3493 1223 3576; baseline 0.005 -23"><span class='ocrx_word' id='word_1_251' title='bbox 158 3495 238 3572; x_wconf 74' lang='lat' dir='ltr'><strong>Aug,</strong></span> <span class='ocrx_word' id='word_1_252' title='bbox 263 3493 364 3574; x_wconf 76' lang='lat' dir='ltr'><strong>Krigel</strong></span> <span class='ocrx_word' id='word_1_253' title='bbox 391 3495 473 3575; x_wconf 81' lang='lat' dir='ltr'><strong>lips.</strong></span> <span class='ocrx_word' id='word_1_254' title='bbox 503 3505 591 3568; x_wconf 89' lang='grc'><strong>1774.</strong></span> <span class='ocrx_word' id='word_1_255' title='bbox 620 3497 666 3557; x_wconf 85' lang='lat' dir='ltr'><strong>vel</strong></span> <span class='ocrx_word' id='word_1_256' title='bbox 695 3496 941 3557; x_wconf 85' lang='lat' dir='ltr'><strong>Keuclrenianum</strong></span> <span class='ocrx_word' id='word_1_257' title='bbox 967 3496 1118 3576; x_wconf 84' lang='lat' dir='ltr'><strong>exemplar</strong></span> <span class='ocrx_word' id='word_1_258' title='bbox 1145 3517 1170 3557; x_wconf 88' lang='lat' dir='ltr'><strong>c.</strong></span> <span class='ocrx_word' id='word_1_259' title='bbox 1192 3517 1223 3560; x_wconf 90' lang='grc' dir='ltr'><strong>ιι.</strong></span> 
     </span>
     <span class='ocr_line' id='line_1_33' title="bbox 159 3589 1223 3672; baseline 0.002 -21"><span class='ocrx_word' id='word_1_260' title='bbox 159 3589 324 3652; x_wconf 84' lang='lat' dir='ltr'><strong>Keucbeaii</strong></span> <span class='ocrx_word' id='word_1_261' title='bbox 346 3591 486 3653; x_wconf 83' lang='lat' dir='ltr'><strong>abscissis</strong></span> <span class='ocrx_word' id='word_1_262' title='bbox 499 3602 530 3653; x_wconf 94' lang='lat' dir='ltr'><strong>et</strong></span> <span class='ocrx_word' id='word_1_263' title='bbox 543 3593 611 3667; x_wconf 87' lang='lat' dir='ltr'><strong>suis,</strong></span> <span class='ocrx_word' id='word_1_264' title='bbox 626 3603 659 3655; x_wconf 92' lang='lat' dir='ltr'><strong>ut</strong></span> <span class='ocrx_word' id='word_1_265' title='bbox 674 3594 709 3654; x_wconf 90' lang='grc' dir='ltr'><strong>Β.</strong></span> <span class='ocrx_word' id='word_1_266' title='bbox 731 3594 769 3656; x_wconf 83' lang='lat' dir='ltr'><strong>C.</strong></span> <span class='ocrx_word' id='word_1_267' title='bbox 783 3593 922 3672; x_wconf 60' lang='lat' dir='ltr'><strong>&amp;odric</strong></span> <span class='ocrx_word' id='word_1_268' title='bbox 931 3592 1050 3653; x_wconf 81' lang='lat' dir='ltr'><strong>Hafuiae</strong></span> <span class='ocrx_word' id='word_1_269' title='bbox 1065 3591 1154 3665; x_wconf 84' lang='grc'><strong>1776.</strong></span> <span class='ocrx_word' id='word_1_270' title='bbox 1176 3593 1223 3656; x_wconf 86' lang='lat' dir='ltr'><strong>sel</strong></span> 
     </span>
     <span class='ocr_line' id='line_1_34' title="bbox 158 3687 1224 3764; baseline 0.006 -18"><span class='ocrx_word' id='word_1_271' title='bbox 158 3704 229 3747; x_wconf 86' lang='lat' dir='ltr'><strong>cuns</strong></span> <span class='ocrx_word' id='word_1_272' title='bbox 251 3687 329 3747; x_wconf 91' lang='lat' dir='ltr'><strong>notis</strong></span> <span class='ocrx_word' id='word_1_273' title='bbox 358 3707 378 3748; x_wconf 90' lang='lat' dir='ltr'><strong>a</strong></span> <span class='ocrx_word' id='word_1_274' title='bbox 401 3687 519 3751; x_wconf 88' lang='lat' dir='ltr'><strong>delectu</strong></span> <span class='ocrx_word' id='word_1_275' title='bbox 536 3689 673 3764; x_wconf 76' lang='lat' dir='ltr'><strong>laudatis,</strong></span> <span class='ocrx_word' id='word_1_276' title='bbox 686 3700 720 3751; x_wconf 90' lang='lat' dir='ltr'><strong>ut</strong></span> <span class='ocrx_word' id='word_1_277' title='bbox 732 3692 763 3753; x_wconf 86' lang='lat' dir='ltr'><strong>J.</strong></span> <span class='ocrx_word' id='word_1_278' title='bbox 777 3692 810 3753; x_wconf 81' lang='lat' dir='ltr'><strong>S.</strong></span> <span class='ocrx_word' id='word_1_279' title='bbox 824 3689 882 3761; x_wconf 87' lang='lat' dir='ltr'><strong>ltb,</strong></span> <span class='ocrx_word' id='word_1_280' title='bbox 905 3691 1067 3763; x_wconf 86' lang='lat' dir='ltr'><strong>Bemensis,</strong></span> <span class='ocrx_word' id='word_1_281' title='bbox 1088 3691 1135 3751; x_wconf 89' lang='lat' dir='ltr'><strong>sel</strong></span> <span class='ocrx_word' id='word_1_282' title='bbox 1153 3710 1224 3752; x_wconf 84' lang='lat' dir='ltr'><strong>curn</strong></span> 
     </span>
    </p>

    <p class='ocr_par' dir='ltr' id='par_1_4' title="bbox 122 3779 1225 4040">
     <span class='ocr_line' id='line_1_35' title="bbox 122 3779 1223 3867; baseline 0.007 -25"><span class='ocrx_word' id='word_1_283' title='bbox 122 3779 128 3792; x_wconf 92' lang='lat'>&#39;</span> <span class='ocrx_word' id='word_1_284' title='bbox 158 3781 221 3843; x_wconf 90' lang='lat' dir='ltr'><strong>suis</strong></span> <span class='ocrx_word' id='word_1_285' title='bbox 234 3783 312 3846; x_wconf 86' lang='lat' dir='ltr'><strong>notis</strong></span> <span class='ocrx_word' id='word_1_286' title='bbox 330 3783 360 3845; x_wconf 91' lang='lat' dir='ltr'><strong>in</strong></span> <span class='ocrx_word' id='word_1_287' title='bbox 376 3803 461 3846; x_wconf 88' lang='lat' dir='ltr'><strong>usum</strong></span> <span class='ocrx_word' id='word_1_288' title='bbox 475 3785 653 3860; x_wconf 87' lang='lat' dir='ltr'><strong>scholarum,</strong></span> <span class='ocrx_word' id='word_1_289' title='bbox 667 3807 723 3867; x_wconf 90' lang='lat' dir='ltr'><strong>pro</strong></span> <span class='ocrx_word' id='word_1_290' title='bbox 746 3805 802 3848; x_wconf 92' lang='lat' dir='ltr'><strong>suo</strong></span> <span class='ocrx_word' id='word_1_291' title='bbox 814 3786 959 3867; x_wconf 84' lang='lat' dir='ltr'><strong>cujusque</strong></span> <span class='ocrx_word' id='word_1_292' title='bbox 972 3807 1056 3849; x_wconf 90' lang='lat' dir='ltr'><strong>sensu</strong></span> <span class='ocrx_word' id='word_1_293' title='bbox 1067 3785 1223 3851; x_wconf 89' lang='lat' dir='ltr'><strong>dederunt.</strong></span> 
     </span>
     <span class='ocr_line' id='line_1_36' title="bbox 160 3881 1225 3966; baseline 0.006 -24"><span class='ocrx_word' id='word_1_294' title='bbox 160 3881 277 3943; x_wconf 81' lang='lat' dir='ltr'><strong>Ceterae</strong></span> <span class='ocrx_word' id='word_1_295' title='bbox 293 3883 429 3962; x_wconf 78' lang='lat' dir='ltr'><strong>repetitae</strong></span> <span class='ocrx_word' id='word_1_296' title='bbox 449 3883 497 3943; x_wconf 85' lang='lat' dir='ltr'><strong>uel</strong></span> <span class='ocrx_word' id='word_1_297' title='bbox 516 3883 649 3957; x_wconf 85' lang='lat' dir='ltr'><strong>leviores,</strong></span> <span class='ocrx_word' id='word_1_298' title='bbox 673 3895 708 3946; x_wconf 94' lang='lat' dir='ltr'><strong>ut</strong></span> <span class='ocrx_word' id='word_1_299' title='bbox 733 3905 771 3945; x_wconf 81' lang='lat' dir='ltr'><strong>ex</strong></span> <span class='ocrx_word' id='word_1_300' title='bbox 784 3884 880 3946; x_wconf 85' lang='lat' dir='ltr'><strong>Gallis</strong></span> <span class='ocrx_word' id='word_1_301' title='bbox 894 3884 1050 3966; x_wconf 83' lang='lat' dir='ltr'><strong>Philippei,</strong></span> <span class='ocrx_word' id='word_1_302' title='bbox 1076 3905 1113 3947; x_wconf 80' lang='lat' dir='ltr'><strong>es</strong></span> <span class='ocrx_word' id='word_1_303' title='bbox 1127 3885 1225 3948; x_wconf 91' lang='lat' dir='ltr'><strong>indice</strong></span> 
     </span>
     <span class='ocr_line' id='line_1_37' title="bbox 160 3986 335 4040; baseline 0.011 -2"><span class='ocrx_word' id='word_1_304' title='bbox 160 3986 335 4040; x_wconf 83' lang='lat' dir='ltr'><strong>noscuntur.</strong></span> 
     </span>
    </p>

    <p class='ocr_par' dir='ltr' id='par_1_5' title="bbox 122 4075 1225 4260">
     <span class='ocr_line' id='line_1_38' title="bbox 122 4075 1225 4159; baseline 0.004 -24"><span class='ocrx_word' id='word_1_305' title='bbox 122 4082 204 4145; x_wconf 80' lang='grc'><strong>1734</strong></span> <span class='ocrx_word' id='word_1_306' title='bbox 217 4075 354 4156; x_wconf 74' lang='lat' dir='ltr'><strong>andnni</strong></span> <span class='ocrx_word' id='word_1_307' title='bbox 377 4078 445 4139; x_wconf 70' lang='lat' dir='ltr'><strong>nar.</strong></span> <span class='ocrx_word' id='word_1_308' title='bbox 461 4085 491 4140; x_wconf 79' lang='lat'><strong>8.</strong></span> <span class='ocrx_word' id='word_1_309' title='bbox 517 4078 589 4156; x_wconf 68' lang='lat' dir='ltr'><strong>urai.</strong></span> <span class='ocrx_word' id='word_1_310' title='bbox 614 4077 745 4141; x_wconf 83' lang='lat' dir='ltr'><strong>Cornelii</strong></span> <span class='ocrx_word' id='word_1_311' title='bbox 771 4079 898 4159; x_wconf 85' lang='lat' dir='ltr'><strong>Nepotis</strong></span> <span class='ocrx_word' id='word_1_312' title='bbox 924 4078 994 4140; x_wconf 83' lang='lat' dir='ltr'><strong>vitre</strong></span> <span class='ocrx_word' id='word_1_313' title='bbox 1016 4077 1225 4140; x_wconf 77' lang='lat' dir='ltr'><strong>excellentium</strong></span> 
     </span>
     <span class='ocr_line' id='line_1_39' title="bbox 163 4172 1224 4260; baseline 0.004 -27"><span class='ocrx_word' id='word_1_314' title='bbox 163 4172 378 4253; x_wconf 80' lang='lat' dir='ltr'><strong>imperatorum</strong></span> <span class='ocrx_word' id='word_1_315' title='bbox 400 4195 471 4260; x_wconf 84' lang='lat' dir='ltr'><strong>cum</strong></span> <span class='ocrx_word' id='word_1_316' title='bbox 491 4176 613 4258; x_wconf 76' lang='lat' dir='ltr'><strong>integris</strong></span> <span class='ocrx_word' id='word_1_317' title='bbox 627 4177 705 4239; x_wconf 88' lang='lat' dir='ltr'><strong>notis</strong></span> <span class='ocrx_word' id='word_1_318' title='bbox 717 4176 784 4240; x_wconf 87' lang='lat' dir='ltr'><strong>ani</strong></span> <span class='ocrx_word' id='word_1_319' title='bbox 799 4173 965 4249; x_wconf 81' lang='lat' dir='ltr'><strong>Gebhardi,</strong></span> <span class='ocrx_word' id='word_1_320' title='bbox 990 4177 1082 4238; x_wconf 86' lang='lat' dir='ltr'><strong>llenr.</strong></span> <span class='ocrx_word' id='word_1_321' title='bbox 1107 4174 1224 4249; x_wconf 78' lang='lat' dir='ltr'><strong>Fmstii,</strong></span> 
     </span>
    </p>
   </div>
   <div class='ocr_carea' id='block_1_4' title="bbox 0 0 1504 4875">
    <p class='ocr_par' dir='ltr' id='par_1_6' title="bbox 0 0 1504 4875">
     <span class='ocr_line' id='line_1_40' title="bbox 0 0 1504 4875; baseline 0 0"><span class='ocrx_word' id='word_1_322' title='bbox 0 0 1504 4875; x_wconf 95' lang='lat' dir='ltr'><strong> </strong></span> 
     </span>
    </p>
   </div>
  </div>
 </body>
</html>
