2967 4875
475 423 656 475 contracti
681 423 855 474 suroris.
1151 409 1219 477 827

152 576 220 656 ejus
244 576 352 638 edendi
376 586 474 655 partes
497 576 629 647 dederat,
643 576 829 656 negligentiae
844 577 962 641 nomine
975 577 1136 641 accusandi
1151 577 1219 639 tuto

154 687 231 736 seut.
274 676 379 754 ltaque
401 685 579 754 apparatum
604 696 692 739 snum
712 674 781 739 deiu
804 676 911 755 legavit
934 678 983 738 Jo.
1008 676 1104 738 Andr.
1130 676 1220 738 anio

153 773 262 835 rectirn
277 773 429 833 utendum.

112 869 196 941 1569
211 871 338 942 Parisiis,
353 881 383 932 1.
405 873 536 934 Cornelii
559 873 685 952 Nepotis
707 892 761 934 seu
782 870 887 933 AEmilii
909 872 998 935 Probi
1019 873 1095 933 liber
1107 873 1146 934 de
1159 872 1220 933 rita

153 968 360 1031 excellentium
384 971 610 1050 Imperatorum,
634 992 652 1031 n
676 971 819 1052 Dionysio
843 970 987 1035 lambino
1000 970 1135 1052 pluribus
1148 970 1222 1031 locis

152 1066 325 1129 emendatus
338 1076 370 1127 et
382 1069 548 1131 Coninrent.
563 1070 736 1148 explicatus.
759 1068 885 1131 Lutetiae
899 1089 948 1149 ap.
963 1071 1157 1131 Benenatum.

105 1171 195 1233 1572
211 1166 329 1226 Henrioi
353 1167 496 1245 Stephani
521 1185 560 1229 11.
583 1178 612 1231 8.
634 1189 704 1233 curn
717 1167 782 1228 vitis
796 1167 948 1229 Plutarchi
962 1167 1085 1239 Latinis,
1100 1164 1221 1229 lantbi-

156 1282 227 1324 num
242 1264 368 1326 maxime
381 1265 525 1343 sequitur.

111 1366 195 1428 1578
211 1361 342 1434 Bosileae,
357 1361 409 1423 lol.
426 1382 494 1422 cum
510 1363 659 1423 Plutarchi
674 1365 743 1426 vitis
758 1364 885 1425 virorum
900 1363 1067 1427 illustrium.

104 1463 196 1526 -1577
211 1458 405 1530 Pr'ancofurti,
421 1468 451 1519 1.
466 1480 502 1519 ex
515 1480 573 1521 rec.
588 1461 681 1521 Nstb.
696 1461 837 1541 betraei.

108 1586 155 1599 -
168 1554 285 1630 (Duaci,
301 1564 331 1616 t.
347 1555 385 1615 de
407 1556 475 1616 viris
498 1555 661 1618 illustribus
684 1558 764 1619 urbis
785 1560 888 1619 Romae
909 1558 948 1618 ab
975 1556 1071 1619 Andr.
1096 1557 1222 1619 Sobotta

155 1651 328 1713 emendatus
351 1665 382 1714 et
408 1658 542 1730 anetus.)
567 1656 695 1717 Libellus
718 1657 777 1729 bic,
802 1658 853 1738 qui
877 1664 964 1717 autes
989 1656 1037 1716 vel
1063 1655 1149 1718 Plinii
1177 1655 1223 1714 vel

154 1749 245 1810 Corn.
266 1751 393 1830 Nepotis
414 1752 532 1813 nornine
555 1754 653 1814 venire
675 1754 800 1825 solebat,
826 1754 968 1814 Scbottus
990 1762 1062 1815 vett.
1081 1753 1224 1815 libroruin

110 1898 115 1905 .
155 1845 217 1919 fide
230 1849 415 1909 strutionum
431 1851 586 1911 momentis
601 1851 759 1912 vindicavit
779 1854 811 1912 S.
828 1856 902 1913 Aur.
913 1851 1038 1915 Victori.
1052 1850 1110 1911 Sed
1120 1851 1224 1911 Victor

157 1954 255 2005 tamen
278 1946 418 2026 pleraque
439 1966 475 2006 er
501 1947 649 2009 volumine
673 1948 802 2027 Nepotis
826 1947 864 2010 de
888 1948 953 2007 viris
969 1947 1127 2009 illustribus
1138 1946 1224 2008 Rom.

155 2041 332 2104 desumsisse
345 2043 472 2116 videtur,
488 2044 527 2105 de
541 2066 601 2125 qno
614 2045 745 2106 Vossius.
758 2045 894 2123 Repetite
909 2065 979 2107 vero
991 2053 1036 2105 est
1045 2042 1095 2105 ed.
1106 2041 1225 2107 Sclrotti

155 2140 287 2202 Parisiis.

114 2245 200 2311 1579
214 2238 342 2313 Parisiis,
357 2251 387 2302 4.
402 2261 470 2302 curn
486 2243 605 2305 Comm.
622 2239 757 2302 Lambini
773 2239 908 2319 repetite.

112 2343 200 2398 1580
215 2338 409 2410 Francosarti,
434 2339 487 2399 fol.
503 2340 582 2401 Vitae
605 2339 684 2401 Plat.
708 2336 843 2416 adjectas
869 2335 981 2398 babent
1002 2337 1078 2397 AEsn.
1098 2332 1188 2397 Probi
1201 2355 1225 2396 s.

161 2434 252 2495 Corn.
268 2436 394 2515 Nepotis
410 2437 495 2499 vitas.

116 2539 197 2595 1581
215 2534 376 2607 lemovici,
393 2544 422 2598 8.
438 2535 530 2595 Attici
542 2536 604 2597 vita
624 2536 663 2597 ad
684 2536 796 2600 cslcem
813 2535 892 2613 Epp.
906 2532 973 2595 Cio.
986 2530 1027 2593 ad
1042 2529 1176 2592 Atticum
1190 2548 1226 2589 es

160 2651 220 2691 rec.
235 2632 306 2692 Sim.
323 2632 402 2692 Bosii
416 2632 531 2714 legitur.

117 2736 200 2793 1582
216 2731 398 2811 Antverpiae,
415 2741 445 2794 8.
460 2734 562 2793 eadem
577 2733 606 2792 in
624 2734 704 2813 Epp.
719 2731 757 2792 sd
772 2731 918 2794 Atticum.

118 2836 202 2899 1590
216 2830 307 2890 Bardi
327 2832 481 2892 Pomeran.
498 2840 527 2892 8.
542 2832 610 2891 vilse
624 2829 831 2892 excellentium
843 2830 941 2907 Impp.
955 2847 993 2887 er
1006 2845 1069 2888 rec.
1084 2825 1225 2905 Chytraei.

118 2934 200 2999 1598
215 2927 353 3007 Lugduni
376 2930 444 2990 Bat.
470 2929 516 2993 16.
538 2930 567 2992 in
579 2931 659 3011 Epp.
674 2929 739 2991 Cic.
754 2928 793 2990 ad
807 2928 943 2989 Atticum
958 2925 1019 2987 sita
1032 2924 1098 3003 ejus
1112 2924 1228 3003 legitor.

159 3025 204 3106 Ex
218 3024 298 3087 offic.
314 3026 499 3106 Rapbeleng.

118 3128 200 3192 1598
216 3123 400 3204 lngolstadii.
417 3124 571 3204 Schoppio
587 3133 766 3186 memoratur
778 3122 808 3183 in
823 3122 906 3184 libris
920 3119 1129 3182 verisimilium.

118 3227 203 3291 1594
217 3221 306 3283 Bardi
319 3222 473 3284 Pomersn.
491 3233 519 3286 8.
534 3224 664 3303 Chytroi
679 3242 743 3302 rep.

120 3317 203 3379 1600
215 3318 330 3399 Tiguri.
345 3321 395 3398 (de
409 3320 476 3382 viris
488 3321 608 3399 illustr.)

120 3416 202 3498 1608
217 3417 346 3492 Parisiis,
363 3430 412 3483 24.
429 3440 498 3480 curn
513 3419 637 3498 castigg.
653 3429 683 3479 et
697 3419 774 3480 notis
787 3419 835 3479 Jo.
850 3415 1019 3486 Sst’sronis,
1039 3432 1089 3491 ap.
1108 3412 1230 3476 Perdet.

122 3512 203 3576 1608
220 3517 407 3580 Franeolurti
429 3518 467 3579 ad
492 3519 537 3578 M.
554 3517 603 3577 fol.
618 3518 707 3579 Corn.
722 3516 848 3596 Nepotis
862 3514 951 3594 vulgo
966 3512 1074 3572 AEruilii
1089 3510 1179 3572 Probi
1192 3510 1231 3571 de

163 3613 223 3674 vita
238 3615 444 3677 excellentium
460 3616 677 3694 Imperatorum
692 3616 870 3677 Graecorum
885 3621 916 3671 et
930 3612 1140 3672 Romanorum.
1154 3609 1231 3670 Cum

163 3714 378 3773 commentariis
407 3714 530 3794 Dionys.
557 3712 705 3784 Lambini,
733 3708 980 3795 Monstrolicnsis,
1014 3706 1111 3768 auctis
1137 3723 1233 3785 nuper

161 3817 254 3889 atque
280 3810 457 3873 emendatis.
500 3816 697 3873 Accesserant
725 3806 939 3880 commentarii,
971 3803 1174 3865 annotationes
1200 3812 1235 3865 et

163 3917 244 3968 notae
269 3909 396 3989 Gyberti
421 3909 565 3990 Longolii,
589 3910 712 3970 Hieron.
737 3906 842 3986 Magil,
865 3915 896 3968 et
908 3906 958 3967 Jo.
973 3901 1141 3975 Savsronis,
1161 3920 1233 3963 cum

63 3985 81 4000 l
128 4053 132 4058 .
163 4008 313 4086 excerptis
326 4029 343 4069 e
359 4018 474 4070 vetusto
488 4008 601 4070 Codice
616 4009 675 4069 Ms.
690 4008 724 4068 P.
738 4005 882 4066 Danielis.
895 4002 1022 4065 Praetixe
1036 3996 1234 4076 Cb'rouologis

163 4106 263 4184 lmpp.
278 4106 406 4170 Graeciae
419 4105 500 4188 apud
516 4106 659 4177 Probum,
674 4125 728 4184 per
739 4101 942 4184 Olympiadas.
985 4100 1061 4160 Curn
1073 4092 1233 4157 indicibus.

164 4202 303 4263 Francos.
327 4224 377 4284 ap.
401 4205 448 4266 Cl.
476 4203 622 4264 Marniurn
637 4213 668 4264 et
683 4200 794 4262 bered.
811 4201 860 4259 lo.
874 4195 1080 4260 Aubrii.-Cl.
1100 4188 1232 4252 Marnius

165 4299 311 4379 praefatus
326 4312 381 4363 est.
403 4302 567 4363 Contentus
582 4309 626 4363 est
640 4298 860 4361 Lambinianus.
