2967 4875
474 378 536 435 nn
559 375 756 435 nonnemo·
774 379 938 435 1111111.
1218 363 1264 436 bi

153 525 265 600 Atuot
293 525 474 596 murdrum
499 528 698 615 approbare,
720 528 779 612 qui
805 527 907 593 bellis
932 525 1104 608 civilibus,
1125 513 1205 614 quaa
1226 528 1264 594 in

153 634 233 719 ejus
257 640 395 700 aetatem
421 632 622 710 inciderunt,
645 635 804 697 interesse
832 632 987 710 noluerit,
1018 631 1083 696 sed
1107 631 1264 698 domiso

83 753 86 758 ’
155 721 370 816 continuerit,
392 743 426 802 et
448 737 627 821 quieverit,
649 735 740 821 quod
761 734 893 818 quidem
918 734 1174 818 prudentissimi
1202 735 1265 801 viri

156 839 340 905 eonsilium
352 840 543 926 factumque
557 839 671 904 exitus
686 838 930 921 comprobavit.
969 836 1059 903 Nam
1075 839 1149 903 aliis
1161 829 1266 905 omni·

156 941 236 1022 nar,
251 944 310 1027 qui
325 945 379 1009 vel
391 944 464 1023 bas,
485 942 540 1008 vel
555 942 633 1007 illas
645 949 758 1027 partes
774 942 880 1007 secuti
895 948 999 1020 eraut,
1023 950 1083 1007 aut
1095 943 1267 1028 proscrip-

156 1044 204 1111 us
217 1052 254 1110 et
262 1046 439 1130 jugulatis,
454 1041 562 1110 autin
577 1047 651 1110 acie
667 1046 883 1128 interemptis,
897 1063 984 1110 uuus
1000 1042 1135 1110 Atticus
1151 1046 1266 1111 salvus
1404 1121 1410 1135 ι

158 1163 203 1213 ex
220 1152 273 1213 tot
286 1151 454 1234 tenusque
466 1148 664 1234 reipublicae
679 1149 837 1213 fluetibus
849 1149 996 1214 emersit.
1033 1147 1154 1232 Itaque
1167 1149 1210 1212 de
1225 1168 1267 1215 eo

158 1250 208 1316 ib
232 1249 412 1316 Cornelius
441 1239 566 1338 Nepos
588 1253 623 1316 in
645 1249 720 1336 ejus
742 1252 813 1316 vita
838 1249 1054 1335 (xxv.10.):
1077 1250 1212 1331 ‘Quod‘
1238 1254 1268 1318 si

159 1353 365 1437 gubernator
378 1355 550 1440 praeeipua
562 1352 662 1419 laude
676 1353 791 1432 fertur,
799 1339 860 1438 qui
870 1373 991 1418 navem
1006 1373 1050 1418 ex
1066 1353 1183 1438 hyeme
1198 1374 1269 1419 ma·

160 1456 259 1541 rique
275 1457 458 1542 scopuloso
471 1462 602 1538 servat3
624 1475 683 1520 cur
696 1474 764 1521 non
779 1456 956 1540 singularis
973 1457 1047 1542 ejus
1061 1458 1277 1522 existimetur·

162 1559 355 1643 prudentia,
368 1560 425 1645 qui
439 1579 484 1624 ex
497 1564 548 1624 tot
560 1564 695 1646 tamque
709 1559 866 1641 gravibus
880 1558 1039 1644 procellis
1054 1554 1211 1625 civilibus
1226 1560 1272 1628 ad

162 1659 429 1727 inbolnmitatem
443 1659 631 1747 pervenitt'
663 1660 705 1726 ln
731 1659 893 1745 Agesilao
918 1663 1086 1742 (11114.)
1114 1664 1181 1729 sic:
1204 1663 1272 1730 ‘In

164 1762 232 1829 boe
251 1783 321 1830 nnn
338 1765 450 1830 minus
476 1765 547 1852 ejus
578 1767 686 1850 pietas
713 1765 932 1849 suspicienda
957 1771 1018 1844 est,
1030 1763 1143 1849 'quum
1166 1769 1271 1832 virtus

163 1867 293 1936 bellica
301 1869 317 1934 τ’
334 1868 403 1953 qui,
416 1888 493 1934 eum
515 1867 633 1934 viatori
647 1872 810 1952 praeesset
829 1868 1003 1949 exercitui,
1026 1869 1271 1956 maximamque

165 1971 305 2042 baberet
324 1970 483 2037 fiduciam
503 1973 593 2056 regni
609 1971 790 2037 Persarum
803 1971 970 2057 potiundi,
993 1980 1090 2039 tanta
1104 1972 1273 2040 modestia

166 2075 264 2156 dieto
274 2074 417 2142 audiens
430 2075 497 2142 fuit
505 2076 613 2161 jussis
628 2077 816 2142 absentium
830 2077 1097 2159 magistratuum,
1105 2067 1149 2142 'ut
1163 2078 1193 2142 si
1208 2078 1274 2162 pri·

166 2182 270 2246 ratas
282 2178 321 2246 in
340 2179 477 2248 comitio
500 2185 590 2245 esset
608 2179 755 2265 Spartan.
800 2178 906 2264 Cujus
932 2180 1127 2264 exemplum
1147 2173 1275 2246 utinam

165 2279 391 2367 imperatores
416 2284 522 2349 nostri
552 2284 651 2367 sequi
673 2281 887 2347 voluissent?
931 2281 1000 2346 Hic
1021 2282 1116 2347 locus
1139 2283 1275 2363 clamat,

165 2379 341 2452 auctorem
355 2384 456 2472 bnjns
470 2381 546 2451 libri
561 2401 698 2471 carpere
711 2389 746 2450 et
758 2390 873 2450 notare
892 2382 1054 2470 Pompeii
1067 2390 1102 2449 et
1114 2381 1274 2467 Caesaris,

167 2487 236 2555 sed
247 2490 398 2556 maxime
414 2488 574 2571 Caesaris,
595 2489 784 2576 potentiam
806 2509 871 2553 non
895 2489 1074 2568 ferendam,
1100 2491 1159 2575 qui
1171 2492 1276 2576 impe·

169 2593 258 2659 rium
272 2599 307 2659 et
318 2594 505 2661 exercitum
519 2594 658 2661 retinere
672 2592 760 2658 ultra
773 2598 905 2678 tempus
917 2594 993 2676 iege
1006 2613 1205 2660 conoessum
1218 2614 1277 2661 vn·

168 2695 278 2763 inerit.
323 2695 436 2762 Etiam
451 2696 497 2763 ad
516 2698 604 2763 hune
616 2697 728 2763 iocum
742 2695 823 2761 vide
848 2714 925 2780 quaa
949 2698 1191 2762 annotavimus.
1234 2699 1278 2766 In

167 2796 321 2865 Ι1111111111
342 2800 619 2881 (xv111.1.)eic:
657 2803 669 2835 ‘
684 2799 809 2884 Itaque
836 2819 912 2864 eum
939 2798 1055 2864 babuit
1080 2800 1124 2864 ad
1143 2820 1278 2867 manum

170 2903 293 2970 scribae
307 2902 404 2970 luco:
426 2902 520 2989 quod
543 2902 647 2968 multo
670 2901 762 2986 apud
787 2900 911 2967 Graios
926 2892 1198 2968 honorificentius
1215 2894 1278 2984 est,

2 3034 3 3087 3
108 3080 114 3093 ι
173 3020 278 3089 quam
289 3004 380 3089 apud
396 3003 582 3070 Romanos.
626 3002 719 3069 Nam
734 3003 825 3089 apud
847 3022 910 3070 nos
926 3024 1054 3084 revera,
1076 3007 1165 3070 sicut
1188 3014 1279 3087 sunt,

170 3106 367 3173 mercenarii
380 3108 502 3173 seribae
517 3106 773 3174 existimantur?
818 3106 933 3173 Etiam
954 3107 1010 3173 hic
1033 3109 1128 3173 locus
1142 3100 1279 3191 indicat,

171 3209 261 3277 hune
273 3211 396 3276 librum
410 3231 486 3277 esse
502 3206 664 3295 seriptum
679 3210 843 3277 Romanis
857 3213 1002 3296 potentia
1017 3211 1134 3296 populi
1153 3219 1188 3278 et
1201 3202 1281 3279 auc·

173 3312 309 3380 toritate
322 3316 522 3398 optimatum
537 3315 717 3393 utentibus,
738 3332 809 3380 non
829 3313 1087 3398 imperatoribus
1107 3313 1282 3380 dominan-

173 3412 278 3483 tibus.
324 3415 428 3496 Quod
441 3417 575 3501 planius
589 3417 657 3497 fiet,
671 3418 792 3500 siquis
806 3417 907 3499 legat,
928 3434 1007 3500 quar
1022 3417 1124 3481 etiam
1138 3414 1281 3483 adhunc

175 3518 288 3586 tocnm
325 3522 569 3587 annotavimus.
625 3518 758 3584 ibidem
788 3522 917 3595 (111111.
943 3517 994 3597 3.)
1029 3518 1098 3583 sio:
1137 3512 1283 3589 ‘Maee-

176 3622 285 3688 dones
300 3640 382 3688 vern
396 3623 519 3689 milites
539 3644 582 3689 ea
602 3629 683 3689 tune
698 3629 792 3688 erant
810 3623 914 3699 fama,
937 3641 1004 3707 qua
1026 3640 1115 3686 nune
1136 3620 1283 3689 Romani

173 3722 345 3790 tannim:
360 3726 483 3792 etenim
498 3746 628 3812 semper
640 3727 746 3792 babiti
758 3731 837 3790 sunt
846 3725 1032 3803 fortissimi,
1044 3726 1103 3809 qni
1118 3742 1284 3791 summam

175 3827 309 3910 imperii
325 3827 523 3910 potirentur!
554 3828 624 3893 Hic
640 3848 773 3913 quoqne
785 3829 880 3893 iocus
895 3828 1055 3906 declarat,
1065 3827 1284 3894 hunelibrum

178 3944 255 3994 esse
285 3928 463 4010 scriptum,
492 3948 561 4013 qun
589 3937 738 4014 tempore
767 3931 918 4015 populus
948 3930 1122 3996 Romarm
1151 3930 1285 4013 imperii

180 4032 348 4096 murmane
361 4033 544 4111 obtinebat,
566 4053 636 4098 non
660 4053 730 4118 quo
756 4035 973 4119 imperatores
996 4035 1108 4099 omnia
1126 4035 1161 4097 in
1187 4050 1284 4097 suam

180 4134 384 4217 potestatem
398 4134 604 4219 redegerant.
637 4135 672 4201 N
673 4156 738 4214 am,
753 4137 1011 4220 imperatoribus
1026 4134 1283 4212 dominantibus,

183 4232 344 4316 1111111111
357 4240 392 4303 et
405 4236 557 4304 barbarae
577 4238 729 4305 nationes
751 4238 994 4304 firmamentum
1013 4244 1048 4305 et
1070 4237 1174 4303 robur
1194 4242 1286 4302 erant
