2967 4875
267 368 333 438 710
595 380 791 432 asenneus
817 379 1030 430 rnrrrouuu

312 770 371 840 Du
385 767 530 840 comelii
541 766 688 857 Nepotis
702 765 849 848 nomine,
863 767 985 854 patria,
998 770 1109 845 aetate,
1122 768 1157 832 et
1168 764 1274 832 variis
1286 784 1364 850 ope·

266 876 357 943 ribus
377 873 450 960 jam
465 875 549 940 setis
571 872 697 938 dietum
711 863 747 937 iu
762 868 855 949 Vita,
881 890 985 957 supra
997 893 1031 955 p.
1051 866 1106 936 15.
1126 890 1201 954 sqq.
1240 864 1366 933 Editio

267 998 345 1045 nuru
357 976 529 1043 Recensui
537 976 716 1061 Bipontino
728 973 997 1061 supplementum
1010 973 1261 1058 qualecumque
1272 989 1366 1046 nune,

267 1080 310 1147 de
323 1100 424 1159 more,
439 1079 647 1166 subjicimus.

310 1181 425 1249 Editio
438 1181 488 1248 Μ.
498 1181 541 1247 Τ.
553 1179 726 1247 Ciceronis
739 1178 963 1265 Epistularum
977 1177 1021 1243 ad
1035 1176 1199 1255 Atticum,
1214 1174 1366 1251 Brutum,

265 1291 302 1350 et
316 1282 361 1364 Q.
376 1282 536 1365 Fruuem,
551 1281 642 1368 apud
657 1281 857 1369 Gryphium,
883 1279 1038 1367 Lugduni
1051 1279 1147 1346 1555.
1160 1280 1276 1345 Qdmo.
1292 1295 1367 1342 con·

266 1387 346 1452 tinet
360 1386 458 1452 etiem
481 1380 523 1452 Τ.
538 1384 718 1470 Pomponii
741 1380 846 1450 Attici
864 1380 992 1462 Vitam,
1015 1400 1074 1467 per
1087 1378 1284 1447 Cornelium
1300 1376 1366 1443 Ne·

265 1495 389 1574 potem.

312 1588 511 1672 Fiogmeuta
524 1604 603 1673 quae
618 1596 754 1657 euentus
768 1594 822 1655 est
837 1588 965 1668 livius,
982 1587 1098 1654 Fraue.
1121 1584 1220 1652 1688.
1237 1593 1275 1651 et
1290 1582 1366 1650 Bas.

267 1691 363 1758 1690.
383 1691 462 1758 Sto.
484 1686 612 1759 'Fraue
626 1693 672 1759 ad
688 1691 738 1758 11.
753 1691 852 1758 1628.

309 1788 350 1859 0.
366 1792 510 1878 Nepotis
525 1793 637 1879 Opem
651 1810 730 1879 quoe
744 1800 874 1872 extant,
900 1812 975 1858 eum
990 1786 1092 1857 Notis
1106 1798 1142 1855 et
1164 1791 1286 1867 Indice
1307 1809 1366 1874 per

267 1895 471 1962 Boeclerum.
516 1895 598 1979 Arg.
611 1896 710 1963 1690.
733 1895 812 1962 8vo.
856 1893 899 1960 Et
912 1893 1004 1979 Traj.
1030 1893 1072 1958 ed
1090 1886 1247 1958 Rhenum
1271 1895 1365 1960 1656.
1471 1886 1472 1933 ³

266 1998 342 2063 em.
357 1994 519 2066 Biblioth.
533 1994 632 2065 Bodi.

311 2094 412 2165 Notee
441 2100 476 2166 in
506 2096 694 2167 Miltiadem
724 2098 885 2187 Nepotis,
925 2118 985 2185 per
1011 2096 1114 2165 Joau.
1150 2096 1364 2175 soenorum,

268 2194 510 2269 1191161675.

310 2302 350 2370 Ο.
372 2302 491 2392 Nepos
515 2306 656 2392 dugliee
671 2326 789 2375 versus
812 2307 1005 2394 pervarias
1030 2304 1245 2371 Oxouienses
1268 2304 1361 2368 inter

265 2413 387 2496 protes.
410 2407 522 2476 Oxou.
545 2408 641 2482 1681
673 2409 747 2479 Suo
771 2408 929 2478 Biblioth.
957 2406 1057 2475 Bodl.
1101 2405 1228 2492 Repet.
1257 2403 1362 2471 Lond.
1470 2420 1471 2494 t

267 2510 475 2580 meslete.
490 2511 587 2581 1723.
603 2513 698 2581 1726.
720 2514 773 2581 12.
1470 2509 1471 2536 *

308 2613 412 2694 Vitae,
437 2617 497 2683 &c-
519 2635 564 2682 ex
587 2616 733 2683 editione
757 2615 897 2701 Rutgeri
914 2612 1162 2680 Hermanuidee.
1206 2609 1362 2675 Loudin‘n

265 2714 304 2781 S.
320 2713 436 2786 Smin.
457 2719 553 2786 1688.
585 2717 698 2786 12mo.
756 2715 1014 2803 Bntggermauni
1035 2709 1132 2780 View
1160 2712 1201 2778 of
1223 2711 1361 2795 English

265 2811 429 2886 Editions

309 2918 453 3005 Nepotis
469 2922 574 3003 Vitae,
588 2927 650 2991 &o-
662 2925 740 2991 ssro.
757 2923 943 2991 Amsteiod.
958 2921 1055 2990 1707.
1077 2939 1155 2985 eum
1169 2917 1262 2984 notis
1277 2916 1361 2982 Mes.
1468 2913 1469 2984 1

265 3019 343 3089 Oet.
359 3023 505 3092 Buneii.
547 3025 606 3093 stc
619 3025 731 3093 Getai.
747 3027 861 3092 Musei
875 3026 1025 3092 Butam
1068 3020 1138 3087 Sed
1151 3025 1263 3099 eruet3
1285 3040 1360 3084 narn

266 3120 355 3189 Mes.
373 3132 465 3193 note
480 3127 639 3194 enutriri
661 3126 752 3194 docti
774 3127 811 3194 1.
825 3127 965 3212 Tayior,
987 3125 1025 3192 S.
1044 3124 1086 3190 Τ.
1100 3123 1142 3189 Ρ.
1156 3125 1258 3209 cujus
1272 3129 1361 3187 auto-
1467 3139 1468 3174 t

264 3225 427 3311 propium
440 3229 540 3293 nobis
553 3229 637 3294 bene
650 3237 769 3295 notum
784 3236 845 3296 est

306 3325 397 3396 Vitae
420 3329 665 3399 Excellentium
679 3331 931 3418 Imperatorum,
946 3333 1008 3396 &o
1023 3327 1132 3395 Iond.
1145 3327 1247 3394 1710.
1264 3328 1357 3395 1721.
1466 3327 1467 3362 ³

263 3429 360 3497 lut.
374 3431 470 3499 1766.
491 3429 589 3501 1761.
615 3434 721 3501 limo.
742 3431 822 3502 ibid
837 3434 935 3502 1768.
957 3432 1066 3499 ldmo.

303 3533 378 3599 Tne
392 3531 467 3600 Lite
482 3535 523 3610 os
527 3535 571 3602 T.
594 3535 634 3601 Ρ.
648 3535 795 3616 Atticus,
810 3536 889 3602 etur
905 3531 1069 3600 Remarks
1084 3534 1129 3617 by
1144 3531 1358 3600 Richardson
1465 3539 1466 3544 ’

262 3631 369 3717 Paok,
384 3636 465 3723 Esq.
487 3637 597 3706 lond.
622 3640 718 3706 1719.
743 3641 823 3706 tivo.
867 3638 1027 3723 Repetite
1040 3636 1106 3700 fuit
1122 3635 1232 3701 lond.
1263 3637 1356 3701 1796.
1464 3703 1465 3708 ,

257 3735 338 3802 fluo.
380 3737 486 3808 Extat
499 3740 600 3808 etiam
614 3742 650 3807 iu
663 3741 830 3828 Operibus
846 3741 892 3807 R.
907 3739 1014 3806 Paok.

305 3837 450 3925 Nepotis
462 3842 566 3922 Vitae,
581 3847 640 3910 &o
665 3862 742 3909 oum
764 3842 1050 3927 interpretatione,
1065 3842 1127 3905 &m
1144 3858 1226 3904 eura
1245 3839 1353 3905 Nicei.
1463 3891 1464 3926 p

260 3937 411 4017 Gourtiu,
437 3943 471 4007 in
485 3963 580 4009 usum
595 3944 770 4029 Delphini.
813 3942 974 4028 Repetite
996 3941 1061 4007 tuit
1083 3960 1115 4005 a.
1141 3941 1352 4006 17291778

257 4039 459 4109 netelton
486 4044 566 4110 dvo.
587 4045 694 4112 lond.
1462 4103 1463 4114 ,

301 4145 405 4224 Vite,
429 4148 489 4213 &a
505 4163 549 4211 ex
562 4146 707 4214 editione
721 4145 975 4213 entucolatirsimu
989 4144 1170 4230 Augustini
1186 4143 1268 4210 Van
1280 4144 1348 4209 sn·

256 4267 354 4314 veron
377 4247 569 4314 emendatae.
624 4248 664 4314 In
680 4249 809 4316 aedibus
831 4247 1043 4314 Academicis
1069 4244 1260 4312 excudebat
1285 4241 1348 4311 Ro
1461 4291 1462 4302 .
