2967 4875
247 333 298 406 dd
560 349 796 406 rauranum
821 353 868 404 un
889 350 1045 407 somnis

251 494 344 588 qnod
358 503 490 586 quantas
504 498 737 585 imprudentiae
753 520 793 567 ac
808 500 985 568 morentiae
1000 497 1136 568 irinati
1180 497 1282 571 Nune
1293 521 1359 572 au·

250 607 331 681 ism,
346 600 556 684 Pompeioet
569 600 707 667 Caesare
720 603 805 668 inter
819 624 856 669 se
868 604 1153 680 contendentibus,
1167 611 1201 670 et
1212 603 1358 693 ahman

249 705 457 792 probabilem
478 725 521 771 ac
542 707 732 791 speciosam
751 706 832 770 belli
853 725 990 771 causam
1007 705 1174 785 afferente,
1189 708 1288 792 quasi
1300 707 1355 795 rel

249 806 445 887 libertam,
469 809 524 872 rel
541 808 603 893 jus
624 810 808 875 tribunitiae
832 810 1028 894 potestatis,
1051 810 1104 873 vel
1124 811 1354 876 auctoritatem

250 916 400 988 matus,
422 916 456 975 et
470 910 560 993 leges
574 912 745 995 antiquas,
761 917 796 977 et
809 931 934 976 morem
957 912 1122 998 majorum
1145 913 1353 992 defendente,

250 1011 369 1097 populi
392 1013 543 1077 libertate
569 1014 710 1098 deniqne
727 1013 877 1080 nondum
897 1034 1035 1099 prorsus
1055 1034 1233 1099 oppressa,
1254 1015 1355 1082 libere

251 1114 387 1199 quidem
401 1116 473 1180 haec
486 1115 651 1196 dicuntur,
667 1117 729 1181 sed
743 1135 852 1200 neque
872 1117 1112 1200 imprudenter,
1128 1126 1163 1181 et
1179 1119 1251 1182 sine
1266 1118 1355 1201 peri·

251 1218 341 1287 tulo.
386 1218 427 1283 In
448 1217 663 1304 Thrasybulo
697 1217 798 1306 (vrri.
812 1214 861 1304 2.)
883 1220 953 1284 sic:
981 1219 1131 1304 ‘Neque
1154 1227 1267 1285 tamen
1294 1239 1355 1304 pro

251 1318 414 1403 opinione
425 1319 626 1405 Thrasybuli
641 1326 753 1388 auctae
775 1327 856 1386 sunt
877 1341 980 1405 opes3
1003 1341 1080 1386 nam
1098 1323 1171 1407 jam
1193 1333 1264 1388 tum
1288 1322 1355 1387 illis

251 1423 461 1506 tenporibus
485 1423 608 1488 fortius
631 1424 712 1489 boni
731 1443 794 1509 pro
819 1424 972 1492 libertate
994 1424 1227 1508 loquebantur,
1254 1443 1356 1511 qnam

251 1525 466 1609 pugnabant?
510 1526 684 1610 Significat
708 1534 829 1592 auctor
850 1525 951 1611 hujus
967 1527 1057 1606 libri,
1078 1526 1235 1593 homines
1254 1529 1355 1598 etiam

251 1630 458 1714 temporibus
470 1628 550 1710 illis,
565 1631 689 1714 quibus
711 1631 799 1696 vixit
818 1629 1060 1715 Thrasybulus,
1075 1630 1356 1716 quemadmodum

253 1729 338 1810 suis,
357 1732 542 1816 paratiores
563 1734 607 1797 ad
629 1732 869 1798 defendendam
891 1734 1079 1800 libertatern
1102 1734 1208 1804 inisse
1234 1733 1355 1812 verbis,

252 1852 358 1918 qnam
367 1833 477 1900 sactis.
522 1835 578 1901 Ex
593 1857 660 1922 qno
675 1836 859 1919 intelligere
868 1837 961 1914 licet,
973 1857 1050 1903 enm
1058 1838 1204 1903 libertati
1217 1837 1355 1915 favisse,

252 1943 288 2004 et
312 1955 335 2003 a
356 1937 512 2022 potentia
536 1940 699 2024 singulari
724 1940 879 2005 animum.
893 1939 1040 2006 ahenum
1061 1941 1243 2006 habuisse:
1266 1936 1357 2023 quod

252 2038 351 2123 longe
373 2059 473 2107 secus
496 2050 598 2123 esset,
622 2044 652 2108 si
674 2041 859 2110 Theodosii
879 2048 982 2109 aetate
1008 2041 1187 2109 floruisset.
1233 2040 1358 2110 video

253 2140 360 2209 lector
383 2150 418 2210 et
441 2165 519 2231 quse
548 2146 705 2212 adhunc
731 2147 843 2212 locum
873 2146 1121 2212 annotavimus.
1176 2145 1219 2210 ln
1245 2145 1356 2210 Dione

252 2242 313 2330 (x,
328 2243 379 2332 9.)
399 2250 468 2316 sic:
502 2248 609 2328 ‘Hic,
636 2251 725 2317 sicut
746 2257 822 2317 ante
843 2270 937 2334 saepe
957 2250 1084 2316 dictum
1106 2256 1170 2329 est,
1192 2266 1296 2333 qnam
1309 2249 1358 2314 in·

221 2351 224 2354 ’
252 2346 330 2415 visa
342 2350 389 2416 sit
402 2351 580 2438 singularis
595 2355 758 2439 potentia,
771 2362 806 2422 et
819 2354 1010 2421 miseranda
1024 2354 1103 2432 vita,
1121 2353 1179 2439 qui
1193 2373 1231 2418 se
1248 2350 1358 2431 metui,

253 2469 354 2536 quam
373 2456 488 2535 amari,
512 2457 652 2536 malunt,
673 2459 783 2523 cuivis
808 2458 908 2525 facile
927 2457 1099 2525 intellectu
1121 2456 1205 2523 fnit’
1251 2455 1359 2522 Etiam

252 2552 308 2619 hic
320 2554 416 2621 loous
432 2564 629 2639 argumento
649 2564 712 2637 est,
734 2579 802 2625 uon
822 2561 929 2625 solum
945 2559 1166 2642 tyrannidem,
1180 2580 1261 2646 quse
1275 2577 1358 2625 sem·

253 2672 314 2740 per
328 2654 518 2742 injusta,‚et
532 2659 612 2726 odio
627 2660 727 2742 digna
748 2667 813 2740 est,
833 2681 949 2729 rernm
971 2663 1071 2729 etiam
1086 2663 1288 2745 singularem
1301 2679 1359 2747 po-

253 2759 407 2838 tentiam,
423 2780 501 2846 quae
515 2768 719 2846 potestesse
737 2765 834 2849 justa
852 2769 886 2830 et
904 2765 1033 2850 populo
1048 2771 1153 2849 grata,
1177 2766 1293 2849 qualis
1307 2764 1359 2828 es't

202 2918 205 2925 .
249 2857 418 2944 justorum
438 2883 566 2947 regum,
591 2867 670 2932 huic
693 2868 851 2952 scriptori
872 2869 1019 2933 invisam
1040 2868 1157 2935 fuisse.
1202 2863 1360 2948 Quodsi

253 2963 309 3033 hic
329 2965 430 3046 liber,
453 2967 649 3036 Theodosio
673 2966 855 3056 ‘imperium
878 2972 1058 3052 obtinente,
1081 2974 1227 3057 scriptus
1257 2974 1358 3046 esset,

253 3066 346 3135 itane
358 3067 499 3136 licenter
513 3077 548 3136 et
561 3078 676 3157 aperte
687 3073 789 3159 hujus
803 3075 883 3142 libri
900 3076 1017 3160 opifex
1032 3075 1196 3142 muamus
1211 3073 1360 3160 singula·

254 3186 329 3237 rem
354 3174 655 3259 potentiamque
682 3175 767 3242 nihil
791 3177 884 3243 aliud
909 3183 972 3250 est,
999 3197 1101 3263 quam
1122 3202 1270 3265 μοναρχια
1299 3178 1360 3241 aut

252 3270 405 3353 βασιλεία,
419 3274 487 3343 hoo
500 3284 567 3357 est,
582 3297 730 3362 reguum,
741 3279 823 3363 styli
836 3279 889 3345 sai
901 3300 1091 3346 mucronem
1105 3277 1356 3348 destrinxisseti

255 3376 301 3443 In
320 3377 560 3464 Epaminonda
581 3385 661 3462 (xv.
676 3383 748 3463 la.)
768 3382 838 3448 sic:
875 3382 981 3463 ‘Quo
1009 3394 1170 3469 tempore,
1193 3385 1279 3452 duce
1291 3383 1359 3448 Pe·

252 3478 384 3565 lopida,
407 3484 525 3553 exules
539 3484 677 3551 Thebas
697 3494 919 3569 occuparunt,
940 3492 975 3551 et
988 3486 1181 3570 presidium
1197 3486 1359 3565 meede

142 3602 146 3609 ·
255 3584 442 3651 munierum
462 3607 514 3653 ex
547 3607 625 3654 arce
652 3589 865 3674 expulerunt,
898 3588 1165 3673 Epaminondas,
1198 3588 1359 3673 quamdiu

250 3684 351 3753 'facta
364 3695 415 3752 est
429 3690 539 3755 caedes
554 3691 691 3772 uirium,
712 3692 813 3759 domo
825 3713 862 3758 se
877 3696 1001 3774 tenuit;
1024 3693 1116 3777 qnod
1129 3713 1237 3777 neque
1251 3692 1359 3758 malos

255 3786 431 3856 defendere
446 3793 588 3873 volebat,
602 3814 712 3881 neque
728 3798 934 3880 impugnare,
948 3816 989 3860 ne
1004 3816 1121 3865 manus
1134 3815 1267 3863 suorum
1280 3813 1359 3860 sane

255 3891 356 3974 guina
370 3900 575 3961 cruentaret:
596 3917 738 3982 namque
754 3920 886 3966 omnem
908 3900 1042 3969 uirilem
1059 3900 1232 3967 victoriam
1247 3900 1359 3968 iuuet·

257 3998 327 4060 tarn
341 3995 503 4078 putabat'
547 3998 694 4065 Videtur
718 4002 772 4066 his
793 4003 903 4067 verbis
924 4010 1037 4067 noster
1060 4004 1207 4085 scriptor.
1225 3996 1358 4069 etbdli

256 4097 367 4165 uirilis
390 4105 553 4179 auctores,
577 4102 781 4187 Pompeiam
804 4116 840 4171 et
862 4104 1042 4184 consuent,
1073 4107 1109 4173 iu
1132 4125 1201 4189 quo
1230 4109 1357 4173 ianm

253 4201 429 4286 mainis
445 4203 557 4277 uirilis
575 4204 750 4292 profusum
769 4208 825 4289 sit,
846 4212 975 4288 notare,
996 4214 1033 4275 et
1054 4207 1155 4287 tacite
1179 4199 1357 4291 Pomponii
