<?xml version="1.0" encoding="UTF-8"?>
<!DOCTYPE html PUBLIC "-//W3C//DTD XHTML 1.0 Transitional//EN"
    "http://www.w3.org/TR/xhtml1/DTD/xhtml1-transitional.dtd">
<html xmlns="http://www.w3.org/1999/xhtml" xml:lang="en" lang="en">
 <head>
  <title>
</title>
<meta http-equiv="Content-Type" content="text/html;charset=utf-8" />
  <meta name='ocr-system' content='tesseract 3.04.00' />
  <meta name='ocr-capabilities' content='ocr_page ocr_carea ocr_par ocr_line ocrx_word'/>
</head>
<body>
  <div class='ocr_page' id='page_1' title='image "./corneliineoptis00fiscgoog_0805.png"; bbox 0 0 2967 4875; ppageno 0'>
   <div class='ocr_carea' id='block_1_1' title="bbox 454 432 905 496">
    <p class='ocr_par' dir='ltr' id='par_1_1' title="bbox 454 432 905 496">
     <span class='ocr_line' id='line_1_1' title="bbox 454 432 905 496; baseline 0.009 -5"><span class='ocrx_word' id='word_1_1' title='bbox 454 441 588 493; x_wconf 67' lang='lat' dir='ltr'><strong>unkun</strong></span> <span class='ocrx_word' id='word_1_2' title='bbox 614 443 661 492; x_wconf 79' lang='lat' dir='ltr'><strong>nu</strong></span> <span class='ocrx_word' id='word_1_3' title='bbox 683 432 905 496; x_wconf 80' lang='lat' dir='ltr'><strong>vuuuonunr.</strong></span> 
     </span>
    </p>
   </div>
   <div class='ocr_carea' id='block_1_2' title="bbox 163 593 662 1506">
    <p class='ocr_par' dir='ltr' id='par_1_2' title="bbox 163 593 662 1506">
     <span class='ocr_line' id='line_1_2' title="bbox 163 593 658 661; baseline 0.006 -19"><span class='ocrx_word' id='word_1_4' title='bbox 163 593 217 658; x_wconf 83' lang='lat' dir='ltr'><strong>ejus</strong></span> <span class='ocrx_word' id='word_1_5' title='bbox 236 594 299 659; x_wconf 90' lang='lat' dir='ltr'><strong>(uon</strong></span> <span class='ocrx_word' id='word_1_6' title='bbox 320 594 390 647; x_wconf 79' lang='lat' dir='ltr'><strong>decet</strong></span> <span class='ocrx_word' id='word_1_7' title='bbox 409 596 481 644; x_wconf 84' lang='lat' dir='ltr'><strong>vlrunr</strong></span> <span class='ocrx_word' id='word_1_8' title='bbox 504 604 551 645; x_wconf 88' lang='lat' dir='ltr'><strong>tam</strong></span> <span class='ocrx_word' id='word_1_9' title='bbox 578 596 658 661; x_wconf 89' lang='lat' dir='ltr'><strong>prud.)</strong></span> 
     </span>
     <span class='ocr_line' id='line_1_3' title="bbox 165 660 659 726; baseline 0.006 -19"><span class='ocrx_word' id='word_1_10' title='bbox 165 660 229 719; x_wconf 80' lang='lat' dir='ltr'><strong>xviii,</strong></span> <span class='ocrx_word' id='word_1_11' title='bbox 241 665 269 710; x_wconf 88' lang='grc'><strong>11</strong></span> <span class='ocrx_word' id='word_1_12' title='bbox 298 660 353 709; x_wconf 86' lang='lat' dir='ltr'><strong>Sic:</strong></span> <span class='ocrx_word' id='word_1_13' title='bbox 380 662 475 726; x_wconf 79' lang='lat' dir='ltr'><strong>negavit</strong></span> <span class='ocrx_word' id='word_1_14' title='bbox 492 660 517 709; x_wconf 87' lang='lat' dir='ltr'><strong>id</strong></span> <span class='ocrx_word' id='word_1_15' title='bbox 535 661 659 711; x_wconf 85' lang='lat' dir='ltr'><strong>convenire</strong></span> 
     </span>
     <span class='ocr_line' id='line_1_4' title="bbox 164 722 660 793; baseline 0.008 -21"><span class='ocrx_word' id='word_1_16' title='bbox 164 738 214 773; x_wconf 83' lang='lat' dir='ltr'><strong>sura</strong></span> <span class='ocrx_word' id='word_1_17' title='bbox 225 725 303 773; x_wconf 77' lang='lat' dir='ltr'><strong>virtuti</strong></span> <span class='ocrx_word' id='word_1_18' title='bbox 318 725 399 784; x_wconf 67' lang='lat' dir='ltr'><strong>xiiio</strong></span> <span class='ocrx_word' id='word_1_19' title='bbox 424 741 473 774; x_wconf 90' lang='lat' dir='ltr'><strong>uon</strong></span> <span class='ocrx_word' id='word_1_20' title='bbox 482 722 596 777; x_wconf 83' lang='lat' dir='ltr'><strong>convenit</strong></span> <span class='ocrx_word' id='word_1_21' title='bbox 604 726 660 793; x_wconf 83' lang='lat' dir='ltr'><strong>(eb-</strong></span> 
     </span>
     <span class='ocr_line' id='line_1_5' title="bbox 165 790 660 847; baseline 0.002 -9"><span class='ocrx_word' id='word_1_22' title='bbox 165 790 251 847; x_wconf 84' lang='lat' dir='ltr'><strong>rolute,</strong></span> <span class='ocrx_word' id='word_1_23' title='bbox 268 791 285 838; x_wconf 90' lang='lat' dir='ltr'><strong>i.</strong></span> <span class='ocrx_word' id='word_1_24' title='bbox 302 806 326 839; x_wconf 85' lang='lat' dir='ltr'><strong>e.</strong></span> <span class='ocrx_word' id='word_1_25' title='bbox 337 805 385 839; x_wconf 89' lang='lat' dir='ltr'><strong>nou</strong></span> <span class='ocrx_word' id='word_1_26' title='bbox 395 798 488 839; x_wconf 81' lang='lat' dir='ltr'><strong>constat</strong></span> <span class='ocrx_word' id='word_1_27' title='bbox 497 791 559 841; x_wconf 87' lang='lat' dir='ltr'><strong>iuter</strong></span> <span class='ocrx_word' id='word_1_28' title='bbox 567 792 660 839; x_wconf 84' lang='lat' dir='ltr'><strong>histori-</strong></span> 
     </span>
     <span class='ocr_line' id='line_1_6' title="bbox 164 854 661 917; baseline 0 -13"><span class='ocrx_word' id='word_1_29' title='bbox 164 870 213 904; x_wconf 78' lang='lat' dir='ltr'><strong>cos·</strong></span> <span class='ocrx_word' id='word_1_30' title='bbox 229 854 323 917; x_wconf 77' lang='lat' dir='ltr'><strong>htub.)</strong></span> <span class='ocrx_word' id='word_1_31' title='bbox 338 855 401 912; x_wconf 81' lang='lat' dir='ltr'><strong>xxiii,</strong></span> <span class='ocrx_word' id='word_1_32' title='bbox 422 859 452 906; x_wconf 74' lang='lat'><strong>18</strong></span> <span class='ocrx_word' id='word_1_33' title='bbox 480 865 506 905; x_wconf 93' lang='lat' dir='ltr'><strong>ut</strong></span> <span class='ocrx_word' id='word_1_34' title='bbox 525 856 661 906; x_wconf 83' lang='lat' dir='ltr'><strong>conveniret</strong></span> 
     </span>
     <span class='ocr_line' id='line_1_7' title="bbox 164 919 661 1035; baseline 0 -66"><span class='ocrx_word' id='word_1_35' title='bbox 164 919 348 969; x_wconf 81' lang='lat' dir='ltr'><strong>Lacedaemoniis</strong></span> <span class='ocrx_word' id='word_1_36' title='bbox 358 936 411 970; x_wconf 83' lang='lat' dir='ltr'><strong>cum</strong></span> <span class='ocrx_word' id='word_1_37' title='bbox 419 920 519 1035; x_wconf 56' lang='lat' dir='ltr'><strong>regeSut</strong></span> <span class='ocrx_word' id='word_1_38' title='bbox 526 922 661 971; x_wconf 85' lang='lat' dir='ltr'><strong>tollerentur</strong></span> 
     </span>
     <span class='ocr_line' id='line_1_8' title="bbox 165 985 661 1045; baseline 0.004 -12"><span class='ocrx_word' id='word_1_39' title='bbox 165 985 336 1044; x_wconf 76' lang='lat' dir='ltr'><strong>controversia,</strong></span> <span class='ocrx_word' id='word_1_40' title='bbox 386 1003 400 1034; x_wconf 88' lang='lat' dir='ltr'>x</span> <span class='ocrx_word' id='word_1_41' title='bbox 414 985 480 1035; x_wconf 86' lang='lat' dir='ltr'><strong>couc&#39;</strong></span> <span class='ocrx_word' id='word_1_42' title='bbox 492 985 584 1045; x_wconf 83' lang='lat' dir='ltr'><strong>leretur,</strong></span> <span class='ocrx_word' id='word_1_43' title='bbox 601 986 661 1035; x_wconf 87' lang='lat' dir='ltr'><strong>iuter</strong></span> 
     </span>
     <span class='ocr_line' id='line_1_9' title="bbox 167 1049 661 1115; baseline 0.002 -16"><span class='ocrx_word' id='word_1_44' title='bbox 167 1049 257 1100; x_wconf 70' lang='lat' dir='ltr'><strong>[acet</strong></span> <span class='ocrx_word' id='word_1_45' title='bbox 272 1050 305 1115; x_wconf 88' lang='lat' dir='ltr'><strong>r.)</strong></span> <span class='ocrx_word' id='word_1_46' title='bbox 321 1067 350 1098; x_wconf 81' lang='lat' dir='ltr'><strong>xv</strong></span> <span class='ocrx_word' id='word_1_47' title='bbox 360 1052 403 1109; x_wconf 83' lang='grc'><strong>1,1</strong></span> <span class='ocrx_word' id='word_1_48' title='bbox 430 1051 557 1102; x_wconf 79' lang='lat' dir='ltr'><strong>eonvenite</strong></span> <span class='ocrx_word' id='word_1_49' title='bbox 572 1051 618 1101; x_wconf 87' lang='lat' dir='ltr'><strong>hoc</strong></span> <span class='ocrx_word' id='word_1_50' title='bbox 635 1051 661 1100; x_wconf 88' lang='lat' dir='ltr'><strong>in</strong></span> 
     </span>
     <span class='ocr_line' id='line_1_10' title="bbox 165 1114 661 1183; baseline 0.006 -21"><span class='ocrx_word' id='word_1_51' title='bbox 165 1115 231 1173; x_wconf 75' lang='lat' dir='ltr'><strong>illurn</strong></span> <span class='ocrx_word' id='word_1_52' title='bbox 242 1114 334 1164; x_wconf 85' lang='lat' dir='ltr'><strong>ridetur</strong></span> <span class='ocrx_word' id='word_1_53' title='bbox 346 1115 405 1183; x_wconf 83' lang='lat' dir='ltr'><strong>(ipsi</strong></span> <span class='ocrx_word' id='word_1_54' title='bbox 422 1117 467 1165; x_wconf 85' lang='lat' dir='ltr'><strong>hoc</strong></span> <span class='ocrx_word' id='word_1_55' title='bbox 483 1116 571 1167; x_wconf 77' lang='lat' dir='ltr'><strong>iactum</strong></span> <span class='ocrx_word' id='word_1_56' title='bbox 589 1118 661 1166; x_wconf 91' lang='lat' dir='ltr'><strong>tribu·</strong></span> 
     </span>
     <span class='ocr_line' id='line_1_11' title="bbox 165 1181 660 1247; baseline 0.004 -19"><span class='ocrx_word' id='word_1_57' title='bbox 165 1181 254 1230; x_wconf 86' lang='lat' dir='ltr'><strong>endum</strong></span> <span class='ocrx_word' id='word_1_58' title='bbox 270 1181 370 1240; x_wconf 83' lang='lat' dir='ltr'><strong>ridetur,</strong></span> <span class='ocrx_word' id='word_1_59' title='bbox 387 1182 488 1247; x_wconf 74' lang='lat' dir='ltr'><strong>suspicio</strong></span> <span class='ocrx_word' id='word_1_60' title='bbox 505 1181 576 1247; x_wconf 86' lang='lat' dir='ltr'><strong>hujus</strong></span> <span class='ocrx_word' id='word_1_61' title='bbox 586 1181 619 1231; x_wconf 90' lang='lat' dir='ltr'><strong>rei</strong></span> <span class='ocrx_word' id='word_1_62' title='bbox 635 1182 660 1230; x_wconf 89' lang='lat' dir='ltr'><strong>iu</strong></span> 
     </span>
     <span class='ocr_line' id='line_1_12' title="bbox 165 1244 661 1313; baseline 0.008 -21"><span class='ocrx_word' id='word_1_63' title='bbox 165 1244 232 1293; x_wconf 85' lang='lat' dir='ltr'><strong>illum</strong></span> <span class='ocrx_word' id='word_1_64' title='bbox 240 1246 366 1313; x_wconf 83' lang='lat' dir='ltr'><strong>competit)</strong></span> <span class='ocrx_word' id='word_1_65' title='bbox 381 1246 422 1304; x_wconf 83' lang='lat' dir='ltr'><strong>rii,</strong></span> <span class='ocrx_word' id='word_1_66' title='bbox 437 1252 453 1296; x_wconf 77' lang='grc'><strong>1</strong></span> <span class='ocrx_word' id='word_1_67' title='bbox 476 1262 530 1312; x_wconf 82' lang='lat' dir='ltr'><strong>qua</strong></span> <span class='ocrx_word' id='word_1_68' title='bbox 544 1262 661 1297; x_wconf 79' lang='lat' dir='ltr'><strong>convenc-</strong></span> 
     </span>
     <span class='ocr_line' id='line_1_13' title="bbox 166 1309 661 1378; baseline 0.008 -20"><span class='ocrx_word' id='word_1_69' title='bbox 166 1318 219 1358; x_wconf 88' lang='lat' dir='ltr'><strong>rant</strong></span> <span class='ocrx_word' id='word_1_70' title='bbox 233 1309 294 1359; x_wconf 88' lang='lat' dir='ltr'><strong>luter</strong></span> <span class='ocrx_word' id='word_1_71' title='bbox 314 1326 392 1376; x_wconf 72' lang='lat' dir='ltr'><strong>regern</strong></span> <span class='ocrx_word' id='word_1_72' title='bbox 413 1310 599 1378; x_wconf 69' lang='lat' dir='ltr'><strong>Pausaniamque</strong></span> <span class='ocrx_word' id='word_1_73' title='bbox 618 1312 661 1376; x_wconf 89' lang='lat' dir='ltr'><strong>(de</strong></span> 
     </span>
     <span class='ocr_line' id='line_1_14' title="bbox 166 1375 661 1443; baseline 0.004 -19"><span class='ocrx_word' id='word_1_74' title='bbox 166 1375 233 1440; x_wconf 88' lang='lat' dir='ltr'><strong>qulb.</strong></span> <span class='ocrx_word' id='word_1_75' title='bbox 243 1375 307 1440; x_wconf 85' lang='lat' dir='ltr'><strong>pacti</strong></span> <span class='ocrx_word' id='word_1_76' title='bbox 316 1375 420 1442; x_wconf 79' lang='lat' dir='ltr'><strong>fuerent)</strong></span> <span class='ocrx_word' id='word_1_77' title='bbox 435 1375 495 1434; x_wconf 59' lang='lat' dir='ltr'><strong>ine</strong></span> <span class='ocrx_word' id='word_1_78' title='bbox 517 1377 570 1443; x_wconf 82' lang='lat' dir='ltr'><strong>(Sic</strong></span> <span class='ocrx_word' id='word_1_79' title='bbox 578 1378 661 1427; x_wconf 82' lang='lat' dir='ltr'><strong>Petro·</strong></span> 
     </span>
     <span class='ocr_line' id='line_1_15' title="bbox 166 1439 662 1506; baseline 0.002 -17"><span class='ocrx_word' id='word_1_80' title='bbox 166 1439 234 1505; x_wconf 83' lang='lat' dir='ltr'><strong>uiue:</strong></span> <span class='ocrx_word' id='word_1_81' title='bbox 251 1441 350 1506; x_wconf 81' lang='lat' dir='ltr'><strong>‘pariter</strong></span> <span class='ocrx_word' id='word_1_82' title='bbox 364 1442 493 1490; x_wconf 84' lang='lat' dir='ltr'><strong>recundurn</strong></span> <span class='ocrx_word' id='word_1_83' title='bbox 503 1442 589 1492; x_wconf 90' lang='lat' dir='ltr'><strong>lectum</strong></span> <span class='ocrx_word' id='word_1_84' title='bbox 606 1458 662 1491; x_wconf 85' lang='lat' dir='ltr'><strong>con·</strong></span> 
     </span>
    </p>
   </div>
   <div class='ocr_carea' id='block_1_3' title="bbox 1127 448 1225 496">
    <p class='ocr_par' dir='ltr' id='par_1_3' title="bbox 1127 448 1225 496">
     <span class='ocr_line' id='line_1_16' title="bbox 1127 448 1225 496; baseline -0.02 0"><span class='ocrx_word' id='word_1_85' title='bbox 1127 448 1225 496; x_wconf 70' lang='lat' dir='ltr'><strong>XXXV</strong></span> 
     </span>
    </p>
   </div>
   <div class='ocr_carea' id='block_1_4' title="bbox 696 592 1227 1442">
    <p class='ocr_par' dir='ltr' id='par_1_4' title="bbox 726 592 1226 1052">
     <span class='ocr_line' id='line_1_17' title="bbox 727 592 1226 655; baseline 0.004 -10"><span class='ocrx_word' id='word_1_86' title='bbox 727 604 751 645; x_wconf 86' lang='lat' dir='ltr'><strong>te</strong></span> <span class='ocrx_word' id='word_1_87' title='bbox 762 612 842 647; x_wconf 77' lang='lat' dir='ltr'><strong>omnes</strong></span> <span class='ocrx_word' id='word_1_88' title='bbox 852 592 951 655; x_wconf 63' lang='lat' dir='ltr'><strong>bonite</strong></span> <span class='ocrx_word' id='word_1_89' title='bbox 969 595 1036 654; x_wconf 85' lang='lat' dir='ltr'><strong>socii,</strong></span> <span class='ocrx_word' id='word_1_90' title='bbox 1050 603 1074 645; x_wconf 90' lang='lat' dir='ltr'><strong>te</strong></span> <span class='ocrx_word' id='word_1_91' title='bbox 1092 596 1169 645; x_wconf 79' lang='lat' dir='ltr'><strong>Latini</strong></span> <span class='ocrx_word' id='word_1_92' title='bbox 1187 598 1226 647; x_wconf 89' lang='lat' dir='ltr'><strong>ln·</strong></span> 
     </span>
     <span class='ocr_line' id='line_1_18' title="bbox 727 662 1224 726; baseline 0.008 -18"><span class='ocrx_word' id='word_1_93' title='bbox 727 663 867 711; x_wconf 87' lang='lat' dir='ltr'><strong>tuebuntur:</strong></span> <span class='ocrx_word' id='word_1_94' title='bbox 885 670 911 711; x_wconf 93' lang='lat' dir='ltr'><strong>tu</strong></span> <span class='ocrx_word' id='word_1_95' title='bbox 921 663 1044 720; x_wconf 81' lang='lat' dir='ltr'><strong>erisuuus,</strong></span> <span class='ocrx_word' id='word_1_96' title='bbox 1062 662 1087 710; x_wconf 91' lang='lat' dir='ltr'><strong>lu</strong></span> <span class='ocrx_word' id='word_1_97' title='bbox 1101 677 1148 726; x_wconf 89' lang='lat' dir='ltr'><strong>quo</strong></span> <span class='ocrx_word' id='word_1_98' title='bbox 1164 663 1224 712; x_wconf 82' lang='lat' dir='ltr'><strong>nita-</strong></span> 
     </span>
     <span class='ocr_line' id='line_1_19' title="bbox 726 726 1225 784; baseline 0.01 -11"><span class='ocrx_word' id='word_1_99' title='bbox 726 735 765 775; x_wconf 88' lang='lat' dir='ltr'><strong>tur</strong></span> <span class='ocrx_word' id='word_1_100' title='bbox 790 727 890 777; x_wconf 77' lang='lat' dir='ltr'><strong>civitatis</strong></span> <span class='ocrx_word' id='word_1_101' title='bbox 915 726 994 784; x_wconf 63' lang='lat' dir='ltr'><strong>selun’</strong></span> <span class='ocrx_word' id='word_1_102' title='bbox 1013 726 1058 776; x_wconf 79' lang='lat' dir='ltr'><strong>dte.</strong></span> <span class='ocrx_word' id='word_1_103' title='bbox 1084 726 1167 776; x_wconf 86' lang='lat' dir='ltr'><strong>Senec.</strong></span> <span class='ocrx_word' id='word_1_104' title='bbox 1194 729 1225 778; x_wconf 76' lang='lat' dir='ltr'><strong>de</strong></span> 
     </span>
     <span class='ocr_line' id='line_1_20' title="bbox 727 790 1224 858; baseline 0.006 -18"><span class='ocrx_word' id='word_1_105' title='bbox 727 791 803 841; x_wconf 89' lang='lat' dir='ltr'><strong>Clcm.</strong></span> <span class='ocrx_word' id='word_1_106' title='bbox 820 793 864 851; x_wconf 78' lang='lat' dir='ltr'><strong>l,d</strong></span> <span class='ocrx_word' id='word_1_107' title='bbox 892 791 1027 856; x_wconf 86' lang='lat' dir='ltr'><strong>‘Sequitur,</strong></span> <span class='ocrx_word' id='word_1_108' title='bbox 1048 800 1076 840; x_wconf 92' lang='lat' dir='ltr'><strong>ut</strong></span> <span class='ocrx_word' id='word_1_109' title='bbox 1093 790 1114 840; x_wconf 88' lang='lat' dir='ltr'><strong>is</strong></span> <span class='ocrx_word' id='word_1_110' title='bbox 1130 807 1224 858; x_wconf 82' lang='lat' dir='ltr'><strong>quoque</strong></span> 
     </span>
     <span class='ocr_line' id='line_1_21' title="bbox 727 856 1225 921; baseline -0.004 -14"><span class='ocrx_word' id='word_1_111' title='bbox 727 856 803 907; x_wconf 77' lang='lat' dir='ltr'><strong>carior</strong></span> <span class='ocrx_word' id='word_1_112' title='bbox 812 858 850 915; x_wconf 77' lang='lat' dir='ltr'><strong>eit,</strong></span> <span class='ocrx_word' id='word_1_113' title='bbox 860 856 886 904; x_wconf 91' lang='lat' dir='ltr'><strong>in</strong></span> <span class='ocrx_word' id='word_1_114' title='bbox 896 872 966 921; x_wconf 85' lang='lat' dir='ltr'><strong>quern</strong></span> <span class='ocrx_word' id='word_1_115' title='bbox 976 872 1001 905; x_wconf 90' lang='lat' dir='ltr'><strong>se</strong></span> <span class='ocrx_word' id='word_1_116' title='bbox 1017 857 1118 921; x_wconf 85' lang='lat' dir='ltr'><strong>respubl.</strong></span> <span class='ocrx_word' id='word_1_117' title='bbox 1128 872 1225 907; x_wconf 79' lang='lat' dir='ltr'><strong>couver-</strong></span> 
     </span>
     <span class='ocr_line' id='line_1_22' title="bbox 729 921 1226 987; baseline 0 -18"><span class='ocrx_word' id='word_1_118' title='bbox 729 921 788 987; x_wconf 86' lang='lat' dir='ltr'><strong>tit&#39;).</strong></span> <span class='ocrx_word' id='word_1_119' title='bbox 817 937 928 971; x_wconf 81' lang='lat' dir='ltr'><strong>convene</strong></span> <span class='ocrx_word' id='word_1_120' title='bbox 959 921 1036 972; x_wconf 86' lang='lat' dir='ltr'><strong>subito</strong></span> <span class='ocrx_word' id='word_1_121' title='bbox 1069 923 1164 972; x_wconf 72' lang='lat' dir='ltr'><strong>fortuna</strong></span> <span class='ocrx_word' id='word_1_122' title='bbox 1189 930 1226 971; x_wconf 84' lang='lat' dir='ltr'><strong>est</strong></span> 
     </span>
     <span class='ocr_line' id='line_1_23' title="bbox 728 984 1008 1052; baseline 0.018 -19"><span class='ocrx_word' id='word_1_123' title='bbox 728 984 895 1052; x_wconf 84' lang='lat' dir='ltr'><strong>(commutata)</strong></span> <span class='ocrx_word' id='word_1_124' title='bbox 911 1001 965 1045; x_wconf 77' lang='lat' dir='ltr'><strong>rar,</strong></span> <span class='ocrx_word' id='word_1_125' title='bbox 977 991 1008 1038; x_wconf 83' lang='lat'><strong>1⁰</strong></span> 
     </span>
    </p>

    <p class='ocr_par' dir='ltr' id='par_1_5' title="bbox 696 1049 1090 1118">
     <span class='ocr_line' id='line_1_24' title="bbox 696 1049 1090 1118; baseline 0 -17"><span class='ocrx_word' id='word_1_126' title='bbox 696 1049 825 1101; x_wconf 83' lang='lat' dir='ltr'><strong>Convictus</strong></span> <span class='ocrx_word' id='word_1_127' title='bbox 834 1050 997 1118; x_wconf 68' lang='lat' dir='ltr'><strong>(rpnnoprnln)</strong></span> <span class='ocrx_word' id='word_1_128' title='bbox 1011 1066 1064 1109; x_wconf 83' lang='lat' dir='ltr'><strong>arr,</strong></span> <span class='ocrx_word' id='word_1_129' title='bbox 1074 1054 1090 1101; x_wconf 85' lang='grc'>8</span> 
     </span>
    </p>

    <p class='ocr_par' dir='ltr' id='par_1_6' title="bbox 697 1114 1227 1442">
     <span class='ocr_line' id='line_1_25' title="bbox 697 1114 1226 1167; baseline 0.004 -3"><span class='ocrx_word' id='word_1_130' title='bbox 697 1114 810 1165; x_wconf 69' lang='lat' dir='ltr'><strong>convive</strong></span> <span class='ocrx_word' id='word_1_131' title='bbox 826 1116 900 1167; x_wconf 83' lang='lat' dir='ltr'><strong>Attici</strong></span> <span class='ocrx_word' id='word_1_132' title='bbox 919 1116 996 1166; x_wconf 87' lang='lat' dir='ltr'><strong>animo</strong></span> <span class='ocrx_word' id='word_1_133' title='bbox 1012 1126 1037 1164; x_wconf 93' lang='lat' dir='ltr'><strong>et</strong></span> <span class='ocrx_word' id='word_1_134' title='bbox 1054 1123 1136 1166; x_wconf 82' lang='lat' dir='ltr'><strong>ventre</strong></span> <span class='ocrx_word' id='word_1_135' title='bbox 1146 1115 1226 1166; x_wconf 75' lang='lat' dir='ltr'><strong>delec-</strong></span> 
     </span>
     <span class='ocr_line' id='line_1_26' title="bbox 729 1182 1226 1248; baseline -0.002 -19"><span class='ocrx_word' id='word_1_136' title='bbox 729 1182 772 1230; x_wconf 87' lang='lat' dir='ltr'><strong>tati</strong></span> <span class='ocrx_word' id='word_1_137' title='bbox 794 1198 847 1240; x_wconf 82' lang='lat' dir='ltr'><strong>rar,</strong></span> <span class='ocrx_word' id='word_1_138' title='bbox 866 1187 896 1233; x_wconf 79' lang='lat' dir='ltr'><strong>ld</strong></span> <span class='ocrx_word' id='word_1_139' title='bbox 923 1182 1004 1248; x_wconf 82' lang='lat' dir='ltr'><strong>quales</strong></span> <span class='ocrx_word' id='word_1_140' title='bbox 1021 1182 1050 1229; x_wconf 91' lang='lat' dir='ltr'><strong>ab</strong></span> <span class='ocrx_word' id='word_1_141' title='bbox 1068 1182 1122 1230; x_wconf 88' lang='lat' dir='ltr'><strong>eod.</strong></span> <span class='ocrx_word' id='word_1_142' title='bbox 1139 1182 1226 1239; x_wconf 85' lang='lat' dir='ltr'><strong>vocati,</strong></span> 
     </span>
     <span class='ocr_line' id='line_1_27' title="bbox 728 1244 1227 1298; baseline 0 -4"><span class='ocrx_word' id='word_1_143' title='bbox 728 1245 788 1295; x_wconf 85' lang='lat' dir='ltr'><strong>ibid.</strong></span> <span class='ocrx_word' id='word_1_144' title='bbox 816 1247 923 1298; x_wconf 80' lang='lat' dir='ltr'><strong>convivio</strong></span> <span class='ocrx_word' id='word_1_145' title='bbox 940 1262 1023 1295; x_wconf 84' lang='lat' dir='ltr'><strong>uxorea</strong></span> <span class='ocrx_word' id='word_1_146' title='bbox 1039 1244 1141 1295; x_wconf 88' lang='lat' dir='ltr'><strong>Romani</strong></span> <span class='ocrx_word' id='word_1_147' title='bbox 1159 1247 1227 1295; x_wconf 82' lang='lat' dir='ltr'><strong>adhi-</strong></span> 
     </span>
     <span class='ocr_line' id='line_1_28' title="bbox 729 1311 1226 1370; baseline -0.002 -10"><span class='ocrx_word' id='word_1_148' title='bbox 729 1312 825 1370; x_wconf 88' lang='lat' dir='ltr'><strong>bebaut,</strong></span> <span class='ocrx_word' id='word_1_149' title='bbox 848 1311 925 1362; x_wconf 72' lang='lat' dir='ltr'><strong>Gmci</strong></span> <span class='ocrx_word' id='word_1_150' title='bbox 941 1325 990 1360; x_wconf 90' lang='lat' dir='ltr'><strong>uon</strong></span> <span class='ocrx_word' id='word_1_151' title='bbox 1010 1311 1075 1369; x_wconf 85' lang='lat' dir='ltr'><strong>item,</strong></span> <span class='ocrx_word' id='word_1_152' title='bbox 1096 1311 1167 1360; x_wconf 79' lang='lat' dir='ltr'><strong>Prml.</strong></span> <span class='ocrx_word' id='word_1_153' title='bbox 1201 1313 1226 1359; x_wconf 87' lang='lat' dir='ltr'><strong>in</strong></span> 
     </span>
     <span class='ocr_line' id='line_1_29' title="bbox 729 1376 1227 1442; baseline -0.01 -16"><span class='ocrx_word' id='word_1_154' title='bbox 729 1377 839 1427; x_wconf 80' lang='lat' dir='ltr'><strong>convivio</strong></span> <span class='ocrx_word' id='word_1_155' title='bbox 849 1376 926 1428; x_wconf 81' lang='lat' dir='ltr'><strong>Attici</strong></span> <span class='ocrx_word' id='word_1_156' title='bbox 936 1384 1071 1442; x_wconf 72' lang='lat' dir='ltr'><strong>anagnosta</strong></span> <span class='ocrx_word' id='word_1_157' title='bbox 1081 1377 1156 1426; x_wconf 86' lang='lat' dir='ltr'><strong>auditi</strong></span> <span class='ocrx_word' id='word_1_158' title='bbox 1172 1393 1227 1434; x_wconf 79' lang='lat' dir='ltr'><strong>arv,</strong></span> 
     </span>
    </p>
   </div>
   <div class='ocr_carea' id='block_1_5' title="bbox 166 1506 955 1573">
    <p class='ocr_par' dir='ltr' id='par_1_7' title="bbox 166 1506 955 1573">
     <span class='ocr_line' id='line_1_30' title="bbox 166 1506 955 1573; baseline 0.003 -19"><span class='ocrx_word' id='word_1_159' title='bbox 166 1506 291 1568; x_wconf 82' lang='lat' dir='ltr'><strong>ciderunt3</strong></span> <span class='ocrx_word' id='word_1_160' title='bbox 307 1512 435 1570; x_wconf 80' lang='lat' dir='ltr'><strong>utputeres</strong></span> <span class='ocrx_word' id='word_1_161' title='bbox 445 1507 490 1556; x_wconf 86' lang='lat' dir='ltr'><strong>huc</strong></span> <span class='ocrx_word' id='word_1_162' title='bbox 504 1506 663 1573; x_wconf 85' lang='lat' dir='ltr'><strong>conreuisee’)</strong></span> <span class='ocrx_word' id='word_1_163' title='bbox 697 1506 876 1558; x_wconf 83' lang='lat' dir='ltr'><strong>Couriturrleus</strong></span> <span class='ocrx_word' id='word_1_164' title='bbox 892 1510 955 1567; x_wconf 57' lang='lat' dir='ltr'><strong>and</strong></span> 
     </span>
    </p>
   </div>
   <div class='ocr_carea' id='block_1_6' title="bbox 135 1569 668 2432">
    <p class='ocr_par' dir='ltr' id='par_1_8' title="bbox 166 1569 666 2287">
     <span class='ocr_line' id='line_1_31' title="bbox 166 1569 662 1638; baseline 0.008 -20"><span class='ocrx_word' id='word_1_165' title='bbox 166 1569 221 1619; x_wconf 80' lang='lat' dir='ltr'><strong>Itu:</strong></span> <span class='ocrx_word' id='word_1_166' title='bbox 237 1586 286 1619; x_wconf 89' lang='lat' dir='ltr'><strong>non</strong></span> <span class='ocrx_word' id='word_1_167' title='bbox 296 1587 426 1620; x_wconf 86' lang='lat' dir='ltr'><strong>convenere</strong></span> <span class='ocrx_word' id='word_1_168' title='bbox 439 1572 588 1622; x_wconf 86' lang='lat' dir='ltr'><strong>conditiones</strong></span> <span class='ocrx_word' id='word_1_169' title='bbox 597 1573 662 1638; x_wconf 89' lang='lat' dir='ltr'><strong>(pro,</strong></span> 
     </span>
     <span class='ocr_line' id='line_1_32' title="bbox 166 1635 664 1700; baseline 0.008 -17"><span class='ocrx_word' id='word_1_170' title='bbox 166 1648 216 1684; x_wconf 88' lang='lat' dir='ltr'><strong>uon</strong></span> <span class='ocrx_word' id='word_1_171' title='bbox 226 1637 337 1687; x_wconf 78' lang='lat' dir='ltr'><strong>convenit</strong></span> <span class='ocrx_word' id='word_1_172' title='bbox 353 1636 384 1685; x_wconf 91' lang='lat' dir='ltr'><strong>de</strong></span> <span class='ocrx_word' id='word_1_173' title='bbox 399 1637 584 1700; x_wconf 86' lang='lat' dir='ltr'><strong>conditionibus)</strong></span> <span class='ocrx_word' id='word_1_174' title='bbox 598 1635 664 1697; x_wconf 77' lang='lat' dir='ltr'><strong>xxiii,</strong></span> 
     </span>
     <span class='ocr_line' id='line_1_33' title="bbox 166 1700 663 1765; baseline 0.004 -13"><span class='ocrx_word' id='word_1_175' title='bbox 166 1705 185 1752; x_wconf 75' lang='lat' dir='ltr'><strong>d</strong></span> <span class='ocrx_word' id='word_1_176' title='bbox 208 1700 258 1765; x_wconf 80' lang='lat' dir='ltr'><strong>(ste</strong></span> <span class='ocrx_word' id='word_1_177' title='bbox 268 1702 345 1750; x_wconf 81' lang='lat' dir='ltr'><strong>nolent</strong></span> <span class='ocrx_word' id='word_1_178' title='bbox 358 1708 455 1749; x_wconf 79' lang='lat' dir='ltr'><strong>veteres.</strong></span> <span class='ocrx_word' id='word_1_179' title='bbox 472 1701 551 1751; x_wconf 78' lang='lat' dir='ltr'><strong>Urius</strong></span> <span class='ocrx_word' id='word_1_180' title='bbox 565 1708 663 1761; x_wconf 53' lang='lat' dir='ltr'><strong>arado</strong></span> 
     </span>
     <span class='ocr_line' id='line_1_34' title="bbox 167 1764 664 1832; baseline 0.006 -19"><span class='ocrx_word' id='word_1_181' title='bbox 167 1764 203 1813; x_wconf 80' lang='lat' dir='ltr'><strong>‘ai</strong></span> <span class='ocrx_word' id='word_1_182' title='bbox 214 1766 362 1815; x_wconf 85' lang='lat' dir='ltr'><strong>conditiones</strong></span> <span class='ocrx_word' id='word_1_183' title='bbox 372 1766 524 1817; x_wconf 81' lang='lat' dir='ltr'><strong>convenirent</strong></span> <span class='ocrx_word' id='word_1_184' title='bbox 531 1767 614 1832; x_wconf 76' lang='lat' dir='ltr'><strong>pacin’</strong></span> <span class='ocrx_word' id='word_1_185' title='bbox 631 1767 664 1816; x_wconf 85' lang='lat' dir='ltr'><strong>Et</strong></span> 
     </span>
     <span class='ocr_line' id='line_1_35' title="bbox 167 1831 664 1896; baseline 0.006 -17"><span class='ocrx_word' id='word_1_186' title='bbox 167 1833 233 1882; x_wconf 72' lang='lat' dir='ltr'><strong>cdd</strong></span> <span class='ocrx_word' id='word_1_187' title='bbox 262 1831 298 1879; x_wconf 82' lang='lat' dir='ltr'><strong>‘ri</strong></span> <span class='ocrx_word' id='word_1_188' title='bbox 317 1846 363 1896; x_wconf 78' lang='lat' dir='ltr'><strong>pes</strong></span> <span class='ocrx_word' id='word_1_189' title='bbox 383 1832 545 1882; x_wconf 60' lang='lat' dir='ltr'><strong>convenisset)</strong></span> <span class='ocrx_word' id='word_1_190' title='bbox 569 1832 664 1882; x_wconf 74' lang='lat' dir='ltr'><strong>solun.</strong></span> 
     </span>
     <span class='ocr_line' id='line_1_36' title="bbox 167 1895 664 1961; baseline 0.002 -16"><span class='ocrx_word' id='word_1_191' title='bbox 167 1895 265 1961; x_wconf 57' lang='lat' dir='ltr'><strong>Jeme</strong></span> <span class='ocrx_word' id='word_1_192' title='bbox 283 1897 481 1960; x_wconf 71' lang='lat' dir='ltr'><strong>‘percurrente&#39;</strong></span> <span class='ocrx_word' id='word_1_193' title='bbox 507 1897 595 1947; x_wconf 86' lang='lat' dir='ltr'><strong>Justlu.</strong></span> <span class='ocrx_word' id='word_1_194' title='bbox 611 1914 664 1955; x_wconf 83' lang='lat' dir='ltr'><strong>m,</strong></span> 
     </span>
     <span class='ocr_line' id='line_1_37' title="bbox 169 1961 664 2026; baseline 0.004 -15"><span class='ocrx_word' id='word_1_195' title='bbox 169 1963 373 2026; x_wconf 72' lang='grc' dir='ltr'><strong>1.11’ριιιιοη</strong></span> <span class='ocrx_word' id='word_1_196' title='bbox 384 1963 510 2012; x_wconf 84' lang='lat' dir='ltr'><strong>couvenit&#39;</strong></span> <span class='ocrx_word' id='word_1_197' title='bbox 538 1961 609 2012; x_wconf 80' lang='lat' dir='ltr'><strong>Adde</strong></span> <span class='ocrx_word' id='word_1_198' title='bbox 620 1962 664 2013; x_wconf 87' lang='lat' dir='ltr'><strong>Gi·</strong></span> 
     </span>
     <span class='ocr_line' id='line_1_38' title="bbox 167 2025 665 2093; baseline 0.004 -19"><span class='ocrx_word' id='word_1_199' title='bbox 167 2025 218 2074; x_wconf 77' lang='lat' dir='ltr'><strong>ian.</strong></span> <span class='ocrx_word' id='word_1_200' title='bbox 235 2025 334 2076; x_wconf 84' lang='lat' dir='ltr'><strong>Observ.</strong></span> <span class='ocrx_word' id='word_1_201' title='bbox 348 2026 401 2076; x_wconf 83' lang='lat' dir='ltr'><strong>Lat.</strong></span> <span class='ocrx_word' id='word_1_202' title='bbox 415 2027 444 2076; x_wconf 86' lang='grc' dir='ltr'><strong>Ι..</strong></span> <span class='ocrx_word' id='word_1_203' title='bbox 460 2043 485 2093; x_wconf 87' lang='lat' dir='ltr'><strong>p.</strong></span> <span class='ocrx_word' id='word_1_204' title='bbox 502 2032 543 2078; x_wconf 76' lang='grc'><strong>11.</strong></span> <span class='ocrx_word' id='word_1_205' title='bbox 559 2026 665 2076; x_wconf 80' lang='lat' dir='ltr'><strong>Gronov.</strong></span> 
     </span>
     <span class='ocr_line' id='line_1_39' title="bbox 168 2092 666 2151; baseline 0.002 -11"><span class='ocrx_word' id='word_1_206' title='bbox 168 2098 220 2141; x_wconf 80' lang='lat' dir='ltr'><strong>not.</strong></span> <span class='ocrx_word' id='word_1_207' title='bbox 238 2092 269 2142; x_wconf 86' lang='lat' dir='ltr'><strong>ad</strong></span> <span class='ocrx_word' id='word_1_208' title='bbox 284 2092 352 2140; x_wconf 79' lang='lat' dir='ltr'><strong>Statii</strong></span> <span class='ocrx_word' id='word_1_209' title='bbox 366 2092 441 2143; x_wconf 65' lang='lat' dir='ltr'><strong>&#39;lueb-</strong></span> <span class='ocrx_word' id='word_1_210' title='bbox 457 2092 490 2151; x_wconf 86' lang='lat' dir='ltr'><strong>ri,</strong></span> <span class='ocrx_word' id='word_1_211' title='bbox 509 2097 566 2144; x_wconf 72' lang='grc'><strong>611.</strong></span> <span class='ocrx_word' id='word_1_212' title='bbox 594 2094 666 2143; x_wconf 92' lang='lat' dir='ltr'><strong>etde</strong></span> 
     </span>
     <span class='ocr_line' id='line_1_40' title="bbox 232 2155 665 2222; baseline 0.002 -17"><span class='ocrx_word' id='word_1_213' title='bbox 232 2172 256 2205; x_wconf 88' lang='lat' dir='ltr'><strong>u.</strong></span> <span class='ocrx_word' id='word_1_214' title='bbox 277 2165 324 2207; x_wconf 89' lang='lat' dir='ltr'><strong>ret.</strong></span> <span class='ocrx_word' id='word_1_215' title='bbox 341 2155 377 2217; x_wconf 84' lang='lat' dir='ltr'><strong>lii,</strong></span> <span class='ocrx_word' id='word_1_216' title='bbox 388 2162 427 2208; x_wconf 75' lang='lat' dir='ltr'><strong>lt.</strong></span> <span class='ocrx_word' id='word_1_217' title='bbox 452 2158 526 2222; x_wconf 90' lang='lat' dir='ltr'><strong>princ.</strong></span> <span class='ocrx_word' id='word_1_218' title='bbox 546 2173 575 2209; x_wconf 86' lang='lat' dir='ltr'><strong>ac</strong></span> <span class='ocrx_word' id='word_1_219' title='bbox 594 2156 665 2208; x_wconf 79' lang='lat' dir='ltr'><strong>Thea</strong></span> 
     </span>
     <span class='ocr_line' id='line_1_41' title="bbox 194 2220 301 2287; baseline 0 -16"><span class='ocrx_word' id='word_1_220' title='bbox 194 2220 301 2287; x_wconf 84' lang='lat' dir='ltr'><strong>uchneri)</strong></span> 
     </span>
    </p>

    <p class='ocr_par' dir='ltr' id='par_1_9' title="bbox 135 2286 668 2432">
     <span class='ocr_line' id='line_1_42' title="bbox 135 2286 667 2353; baseline -0.004 -16"><span class='ocrx_word' id='word_1_221' title='bbox 135 2287 270 2337; x_wconf 77' lang='lat' dir='ltr'><strong>convenire</strong></span> <span class='ocrx_word' id='word_1_222' title='bbox 279 2287 381 2351; x_wconf 86' lang='lat' dir='ltr'><strong>aliquem</strong></span> <span class='ocrx_word' id='word_1_223' title='bbox 392 2286 530 2353; x_wconf 80' lang='lat' dir='ltr'><strong>(accedere)</strong></span> <span class='ocrx_word' id='word_1_224' title='bbox 546 2303 569 2346; x_wconf 84' lang='grc' dir='ltr'><strong>ι,</strong></span> <span class='ocrx_word' id='word_1_225' title='bbox 579 2291 603 2338; x_wconf 82' lang='grc'><strong>8.</strong></span> <span class='ocrx_word' id='word_1_226' title='bbox 627 2305 667 2347; x_wconf 77' lang='lat' dir='ltr'><strong>rr,</strong></span> 
     </span>
     <span class='ocr_line' id='line_1_43' title="bbox 169 2351 668 2432; baseline 0 -30"><span class='ocrx_word' id='word_1_227' title='bbox 169 2355 186 2402; x_wconf 78' lang='grc'><strong>4</strong></span> <span class='ocrx_word' id='word_1_228' title='bbox 202 2351 356 2401; x_wconf 79' lang='lat' dir='ltr'><strong>conveniendi</strong></span> <span class='ocrx_word' id='word_1_229' title='bbox 367 2353 466 2432; x_wconf 75' lang='lat' dir='ltr'><strong>alicujus</strong></span> <span class='ocrx_word' id='word_1_230' title='bbox 476 2360 614 2418; x_wconf 86' lang='lat' dir='ltr'><strong>potestatem</strong></span> <span class='ocrx_word' id='word_1_231' title='bbox 626 2355 668 2402; x_wconf 89' lang='lat' dir='ltr'><strong>ha·</strong></span> 
     </span>
    </p>
   </div>
   <div class='ocr_carea' id='block_1_7' title="bbox 170 2416 678 2533">
    <p class='ocr_par' dir='ltr' id='par_1_10' title="bbox 170 2416 678 2533">
     <span class='ocr_line' id='line_1_44' title="bbox 170 2416 678 2533; baseline 0 -65"><span class='ocrx_word' id='word_1_232' title='bbox 170 2418 226 2468; x_wconf 90' lang='lat' dir='ltr'><strong>bere</strong></span> <span class='ocrx_word' id='word_1_233' title='bbox 242 2416 310 2477; x_wconf 63' lang='lat' dir='ltr'><strong>vinu</strong></span> <span class='ocrx_word' id='word_1_234' title='bbox 334 2419 489 2468; x_wconf 83' lang='lat' dir='ltr'><strong>couvemendi</strong></span> <span class='ocrx_word' id='word_1_235' title='bbox 510 2417 678 2533; x_wconf 59' lang='lat' dir='ltr'><strong>alicujurpre·</strong></span> 
     </span>
     <span class='ocr_line' id='line_1_45' title="bbox 629 2499 668 2533; baseline 0 0"><span class='ocrx_word' id='word_1_236' title='bbox 629 2499 668 2533; x_wconf 88' lang='lat' dir='ltr'><strong>are</strong></span> 
     </span>
    </p>
   </div>
   <div class='ocr_carea' id='block_1_8' title="bbox 137 2483 678 4426">
    <p class='ocr_par' dir='ltr' id='par_1_11' title="bbox 169 2483 669 2729">
     <span class='ocr_line' id='line_1_46' title="bbox 170 2483 596 2548; baseline -0.002 -16"><span class='ocrx_word' id='word_1_237' title='bbox 170 2483 205 2532; x_wconf 80' lang='lat' dir='ltr'><strong>tin</strong></span> <span class='ocrx_word' id='word_1_238' title='bbox 215 2484 294 2533; x_wconf 82' lang='lat' dir='ltr'><strong>venire</strong></span> <span class='ocrx_word' id='word_1_239' title='bbox 309 2489 360 2541; x_wconf 75' lang='lat'><strong>1,0</strong></span> <span class='ocrx_word' id='word_1_240' title='bbox 376 2483 466 2533; x_wconf 85' lang='lat' dir='ltr'><strong>aditum</strong></span> <span class='ocrx_word' id='word_1_241' title='bbox 482 2486 596 2548; x_wconf 78' lang='lat' dir='ltr'><strong>potentin.</strong></span> 
     </span>
     <span class='ocr_line' id='line_1_47' title="bbox 169 2547 668 2613; baseline 0.006 -16"><span class='ocrx_word' id='word_1_242' title='bbox 169 2547 203 2608; x_wconf 83' lang='lat' dir='ltr'><strong>iv,</strong></span> <span class='ocrx_word' id='word_1_243' title='bbox 214 2551 229 2597; x_wconf 79' lang='grc'><strong>1</strong></span> <span class='ocrx_word' id='word_1_244' title='bbox 248 2549 372 2598; x_wconf 87' lang='lat' dir='ltr'><strong>convenire</strong></span> <span class='ocrx_word' id='word_1_245' title='bbox 382 2549 408 2597; x_wconf 87' lang='lat' dir='ltr'><strong>in</strong></span> <span class='ocrx_word' id='word_1_246' title='bbox 418 2548 561 2613; x_wconf 75' lang='lat' dir='ltr'><strong>colloquium</strong></span> <span class='ocrx_word' id='word_1_247' title='bbox 576 2549 640 2608; x_wconf 80' lang='lat' dir='ltr'><strong>xxiii,</strong></span> <span class='ocrx_word' id='word_1_248' title='bbox 651 2553 668 2600; x_wconf 83' lang='lat' dir='ltr'><strong>d</strong></span> 
     </span>
     <span class='ocr_line' id='line_1_48' title="bbox 170 2613 669 2729; baseline -0.004 -67"><span class='ocrx_word' id='word_1_249' title='bbox 170 2614 212 2728; x_wconf 50' lang='lat' dir='ltr'><strong>:pil</strong></span> <span class='ocrx_word' id='word_1_250' title='bbox 221 2613 395 2729; x_wconf 66' lang='lat' dir='ltr'><strong>dplendendum</strong></span> <span class='ocrx_word' id='word_1_251' title='bbox 414 2615 499 2680; x_wconf 84' lang='lat' dir='ltr'><strong>(coire¹</strong></span> <span class='ocrx_word' id='word_1_252' title='bbox 520 2615 669 2680; x_wconf 74' lang='lat' dir='ltr'><strong>congregari)</strong></span> 
     </span>
    </p>

    <p class='ocr_par' dir='ltr' id='par_1_12' title="bbox 137 2743 669 2941">
     <span class='ocr_line' id='line_1_49' title="bbox 137 2743 669 2811; baseline -0.008 -14"><span class='ocrx_word' id='word_1_253' title='bbox 137 2747 276 2797; x_wconf 74' lang='lat' dir='ltr'><strong>Conventus</strong></span> <span class='ocrx_word' id='word_1_254' title='bbox 297 2743 415 2794; x_wconf 82' lang='lat' dir='ltr'><strong>Arcadum</strong></span> <span class='ocrx_word' id='word_1_255' title='bbox 441 2743 553 2811; x_wconf 57' lang='lat' dir='ltr'><strong>(mamus</strong></span> <span class='ocrx_word' id='word_1_256' title='bbox 574 2750 669 2793; x_wconf 86' lang='lat' dir='ltr'><strong>acuatur</strong></span> 
     </span>
     <span class='ocr_line' id='line_1_50' title="bbox 172 2808 667 2875; baseline -0.002 -17"><span class='ocrx_word' id='word_1_257' title='bbox 172 2808 500 2875; x_wconf 52' lang='lat' dir='ltr'><strong>temnentemque</strong></span> <span class='ocrx_word' id='word_1_258' title='bbox 516 2809 667 2875; x_wconf 75' lang='lat' dir='ltr'><strong>legationum,</strong></span> 
     </span>
     <span class='ocr_line' id='line_1_51' title="bbox 171 2873 498 2941; baseline -0.003 -17"><span class='ocrx_word' id='word_1_259' title='bbox 171 2874 228 2924; x_wconf 83' lang='lat' dir='ltr'>ibid.</span> <span class='ocrx_word' id='word_1_260' title='bbox 244 2874 281 2940; x_wconf 86' lang='lat' dir='ltr'><strong>(r.</strong></span> <span class='ocrx_word' id='word_1_261' title='bbox 291 2874 334 2923; x_wconf 80' lang='lat' dir='ltr'><strong>inl.</strong></span> <span class='ocrx_word' id='word_1_262' title='bbox 344 2873 498 2941; x_wconf 81' lang='lat' dir='ltr'><strong>legationes)</strong></span> 
     </span>
    </p>

    <p class='ocr_par' dir='ltr' id='par_1_13' title="bbox 139 2939 678 4376">
     <span class='ocr_line' id='line_1_52' title="bbox 139 2939 669 3004; baseline -0.004 -13"><span class='ocrx_word' id='word_1_263' title='bbox 139 2940 283 2991; x_wconf 76' lang='lat' dir='ltr'><strong>Convertere</strong></span> <span class='ocrx_word' id='word_1_264' title='bbox 294 2941 324 2988; x_wconf 83' lang='lat' dir='ltr'><strong>ad</strong></span> <span class='ocrx_word' id='word_1_265' title='bbox 335 2941 432 2989; x_wconf 82' lang='lat' dir='ltr'><strong>salutern</strong></span> <span class='ocrx_word' id='word_1_266' title='bbox 443 2940 507 3004; x_wconf 90' lang='lat' dir='ltr'><strong>quod</strong></span> <span class='ocrx_word' id='word_1_267' title='bbox 519 2941 550 2988; x_wconf 86' lang='lat' dir='ltr'><strong>ad</strong></span> <span class='ocrx_word' id='word_1_268' title='bbox 627 2939 669 2989; x_wconf 85' lang='lat' dir='ltr'><strong>‘ci-</strong></span> 
     </span>
     <span class='ocr_line' id='line_1_53' title="bbox 173 3005 668 3071; baseline 0 -17"><span class='ocrx_word' id='word_1_269' title='bbox 173 3019 211 3054; x_wconf 85' lang='lat' dir='ltr'><strong>em</strong></span> <span class='ocrx_word' id='word_1_270' title='bbox 227 3005 304 3054; x_wconf 69' lang='lat' dir='ltr'><strong>luunt</strong></span> <span class='ocrx_word' id='word_1_271' title='bbox 318 3005 446 3071; x_wconf 75' lang='lat' dir='ltr'><strong>cogitetum</strong></span> <span class='ocrx_word' id='word_1_272' title='bbox 465 3005 540 3063; x_wconf 57' lang='lat' dir='ltr'><strong>sind</strong></span> <span class='ocrx_word' id='word_1_273' title='bbox 596 3012 668 3054; x_wconf 87' lang='lat' dir='ltr'><strong>erent</strong></span> 
     </span>
     <span class='ocr_line' id='line_1_54' title="bbox 173 3068 669 3135; baseline -0.002 -16"><span class='ocrx_word' id='word_1_274' title='bbox 173 3070 247 3119; x_wconf 75' lang='lat' dir='ltr'><strong>Andr.</strong></span> <span class='ocrx_word' id='word_1_275' title='bbox 269 3068 303 3128; x_wconf 83' lang='lat' dir='ltr'><strong>iv,</strong></span> <span class='ocrx_word' id='word_1_276' title='bbox 314 3075 382 3129; x_wconf 78' lang='grc' dir='ltr'><strong>1,4θ</strong></span> <span class='ocrx_word' id='word_1_277' title='bbox 405 3076 470 3119; x_wconf 77' lang='lat' dir='ltr'><strong>‘nou</strong></span> <span class='ocrx_word' id='word_1_278' title='bbox 487 3084 556 3135; x_wconf 83' lang='lat' dir='ltr'><strong>pocae</strong></span> <span class='ocrx_word' id='word_1_279' title='bbox 583 3084 621 3119; x_wconf 87' lang='lat' dir='ltr'><strong>am</strong></span> <span class='ocrx_word' id='word_1_280' title='bbox 637 3070 669 3118; x_wconf 89' lang='lat' dir='ltr'><strong>ad</strong></span> 
     </span>
     <span class='ocr_line' id='line_1_55' title="bbox 174 3134 669 3185; baseline 0 -1"><span class='ocrx_word' id='word_1_281' title='bbox 174 3135 272 3185; x_wconf 77' lang='lat' dir='ltr'><strong>saturem</strong></span> <span class='ocrx_word' id='word_1_282' title='bbox 290 3134 396 3185; x_wconf 87' lang='lat' dir='ltr'><strong>cuurerti</strong></span> <span class='ocrx_word' id='word_1_283' title='bbox 413 3135 459 3185; x_wconf 86' lang='lat' dir='ltr'><strong>hoc</strong></span> <span class='ocrx_word' id='word_1_284' title='bbox 478 3134 572 3183; x_wconf 89' lang='lat' dir='ltr'><strong>malum’</strong></span> <span class='ocrx_word' id='word_1_285' title='bbox 587 3167 595 3184; x_wconf 88' lang='lat'><strong>.</strong></span> <span class='ocrx_word' id='word_1_286' title='bbox 613 3150 669 3184; x_wconf 89' lang='lat' dir='ltr'><strong>con·</strong></span> 
     </span>
     <span class='ocr_line' id='line_1_56' title="bbox 172 3198 670 3265; baseline -0.006 -14"><span class='ocrx_word' id='word_1_287' title='bbox 172 3207 261 3251; x_wconf 75' lang='lat' dir='ltr'><strong>vertere</strong></span> <span class='ocrx_word' id='word_1_288' title='bbox 269 3202 299 3249; x_wconf 87' lang='lat' dir='ltr'><strong>ad</strong></span> <span class='ocrx_word' id='word_1_289' title='bbox 309 3216 335 3251; x_wconf 87' lang='lat' dir='ltr'><strong>re</strong></span> <span class='ocrx_word' id='word_1_290' title='bbox 343 3200 423 3250; x_wconf 87' lang='lat' dir='ltr'><strong>oculos</strong></span> <span class='ocrx_word' id='word_1_291' title='bbox 434 3198 538 3249; x_wconf 88' lang='lat' dir='ltr'><strong>omnium</strong></span> <span class='ocrx_word' id='word_1_292' title='bbox 544 3199 631 3265; x_wconf 84' lang='lat' dir='ltr'><strong>(aspici</strong></span> <span class='ocrx_word' id='word_1_293' title='bbox 640 3201 670 3248; x_wconf 90' lang='lat' dir='ltr'><strong>ab</strong></span> 
     </span>
     <span class='ocr_line' id='line_1_57' title="bbox 174 3263 671 3325; baseline -0.002 -11"><span class='ocrx_word' id='word_1_294' title='bbox 174 3265 291 3325; x_wconf 81' lang='lat' dir='ltr'><strong>omnibus,</strong></span> <span class='ocrx_word' id='word_1_295' title='bbox 302 3264 456 3316; x_wconf 65' lang='lat' dir='ltr'><strong>estimatione</strong></span> <span class='ocrx_word' id='word_1_296' title='bbox 472 3273 497 3314; x_wconf 90' lang='lat' dir='ltr'><strong>et</strong></span> <span class='ocrx_word' id='word_1_297' title='bbox 518 3263 671 3313; x_wconf 68' lang='lat' dir='ltr'><strong>adunatione</strong></span> 
     </span>
     <span class='ocr_line' id='line_1_58' title="bbox 174 3328 670 3398; baseline -0.014 -14"><span class='ocrx_word' id='word_1_298' title='bbox 174 3330 274 3391; x_wconf 63' lang='lat' dir='ltr'><strong>virtutin</strong></span> <span class='ocrx_word' id='word_1_299' title='bbox 284 3330 405 3398; x_wconf 73' lang='lat' dir='ltr'><strong>potentin,</strong></span> <span class='ocrx_word' id='word_1_300' title='bbox 421 3328 516 3395; x_wconf 87' lang='lat' dir='ltr'><strong>Boecl.)</strong></span> <span class='ocrx_word' id='word_1_301' title='bbox 529 3329 571 3387; x_wconf 84' lang='lat' dir='ltr'><strong>rii,</strong></span> <span class='ocrx_word' id='word_1_302' title='bbox 586 3332 601 3378; x_wconf 80' lang='grc'><strong>1</strong></span> <span class='ocrx_word' id='word_1_303' title='bbox 617 3329 670 3395; x_wconf 78' lang='lat' dir='ltr'><strong>(Sic</strong></span> 
     </span>
     <span class='ocr_line' id='line_1_59' title="bbox 175 3392 670 3470; baseline -0.006 -25"><span class='ocrx_word' id='word_1_304' title='bbox 175 3395 242 3445; x_wconf 84' lang='lat' dir='ltr'><strong>Curt.</strong></span> <span class='ocrx_word' id='word_1_305' title='bbox 251 3398 284 3447; x_wconf 87' lang='lat' dir='ltr'><strong>de</strong></span> <span class='ocrx_word' id='word_1_306' title='bbox 298 3404 371 3445; x_wconf 88' lang='lat' dir='ltr'><strong>matre</strong></span> <span class='ocrx_word' id='word_1_307' title='bbox 385 3409 413 3444; x_wconf 85' lang='lat' dir='ltr'><strong>ac</strong></span> <span class='ocrx_word' id='word_1_308' title='bbox 430 3393 533 3470; x_wconf 70' lang='lat' dir='ltr'><strong>conjuge</strong></span> <span class='ocrx_word' id='word_1_309' title='bbox 543 3392 619 3452; x_wconf 86' lang='lat' dir='ltr'><strong>Darii,</strong></span> <span class='ocrx_word' id='word_1_310' title='bbox 634 3392 670 3451; x_wconf 87' lang='lat' dir='ltr'><strong>iii,</strong></span> 
     </span>
     <span class='ocr_line' id='line_1_60' title="bbox 175 3458 671 3519; baseline -0.008 -8"><span class='ocrx_word' id='word_1_311' title='bbox 175 3465 216 3519; x_wconf 70' lang='lat' dir='ltr'><strong>U,</strong></span> <span class='ocrx_word' id='word_1_312' title='bbox 226 3466 267 3513; x_wconf 67' lang='lat'><strong>²⁴·</strong></span> <span class='ocrx_word' id='word_1_313' title='bbox 293 3469 319 3510; x_wconf 63' lang='lat' dir='ltr'><strong>et</strong></span> <span class='ocrx_word' id='word_1_314' title='bbox 327 3461 359 3511; x_wconf 69' lang='lat' dir='ltr'><strong>de</strong></span> <span class='ocrx_word' id='word_1_315' title='bbox 369 3458 469 3509; x_wconf 69' lang='lat' dir='ltr'>Rome</span> <span class='ocrx_word' id='word_1_316' title='bbox 485 3459 566 3517; x_wconf 58' lang='lat' dir='ltr'><strong>Vllffl,</strong></span> <span class='ocrx_word' id='word_1_317' title='bbox 577 3462 618 3509; x_wconf 62' lang='lat' dir='ltr'><strong>ue</strong></span> <span class='ocrx_word' id='word_1_318' title='bbox 634 3458 671 3507; x_wconf 70' lang='lat' dir='ltr'><strong>si·</strong></span> 
     </span>
     <span class='ocr_line' id='line_1_61' title="bbox 174 3520 671 3591; baseline -0.008 -15"><span class='ocrx_word' id='word_1_319' title='bbox 174 3527 224 3577; x_wconf 90' lang='lat' dir='ltr'><strong>mili</strong></span> <span class='ocrx_word' id='word_1_320' title='bbox 236 3527 322 3591; x_wconf 85' lang='lat' dir='ltr'><strong>phrasi,</strong></span> <span class='ocrx_word' id='word_1_321' title='bbox 332 3531 483 3576; x_wconf 78' lang='lat' dir='ltr'><strong>‘convertere</strong></span> <span class='ocrx_word' id='word_1_322' title='bbox 494 3525 519 3573; x_wconf 89' lang='lat' dir='ltr'><strong>lu</strong></span> <span class='ocrx_word' id='word_1_323' title='bbox 531 3538 557 3572; x_wconf 86' lang='lat' dir='ltr'><strong>re</strong></span> <span class='ocrx_word' id='word_1_324' title='bbox 566 3520 671 3574; x_wconf 89' lang='lat' dir='ltr'><strong>omnium</strong></span> 
     </span>
     <span class='ocr_line' id='line_1_62' title="bbox 176 3589 671 3651; baseline -0.01 -9"><span class='ocrx_word' id='word_1_325' title='bbox 176 3592 284 3651; x_wconf 86' lang='lat' dir='ltr'><strong>meuter,’</strong></span> <span class='ocrx_word' id='word_1_326' title='bbox 301 3590 361 3640; x_wconf 79' lang='lat' dir='ltr'><strong>dixit</strong></span> <span class='ocrx_word' id='word_1_327' title='bbox 371 3589 433 3639; x_wconf 78' lang='lat' dir='ltr'><strong>Flor.</strong></span> <span class='ocrx_word' id='word_1_328' title='bbox 447 3590 474 3647; x_wconf 84' lang='grc'><strong>11,</strong></span> <span class='ocrx_word' id='word_1_329' title='bbox 485 3593 526 3647; x_wconf 78' lang='lat' dir='ltr'><strong>lt,</strong></span> <span class='ocrx_word' id='word_1_330' title='bbox 536 3592 561 3638; x_wconf 79' lang='lat' dir='ltr'><strong>d·</strong></span> <span class='ocrx_word' id='word_1_331' title='bbox 578 3595 671 3637; x_wconf 71' lang='lat' dir='ltr'><strong>‘toturn</strong></span> 
     </span>
     <span class='ocr_line' id='line_1_63' title="bbox 176 3653 671 3714; baseline -0.012 -6"><span class='ocrx_word' id='word_1_332' title='bbox 176 3664 287 3708; x_wconf 85' lang='lat' dir='ltr'><strong>terrarum</strong></span> <span class='ocrx_word' id='word_1_333' title='bbox 297 3655 394 3714; x_wconf 74' lang='lat' dir='ltr'><strong>orbem:</strong></span> <span class='ocrx_word' id='word_1_334' title='bbox 403 3653 489 3704; x_wconf 84' lang='lat' dir='ltr'><strong>Vellei.</strong></span> <span class='ocrx_word' id='word_1_335' title='bbox 497 3653 525 3712; x_wconf 86' lang='lat' dir='ltr'><strong>ii,</strong></span> <span class='ocrx_word' id='word_1_336' title='bbox 534 3656 575 3711; x_wconf 78' lang='lat'><strong>81,</strong></span> <span class='ocrx_word' id='word_1_337' title='bbox 587 3657 611 3703; x_wconf 87' lang='lat' dir='ltr'><strong>l.</strong></span> <span class='ocrx_word' id='word_1_338' title='bbox 628 3658 637 3682; x_wconf 83' lang='lat'><strong><em>⁴</em></strong></span> <span class='ocrx_word' id='word_1_339' title='bbox 646 3669 671 3702; x_wconf 91' lang='lat' dir='ltr'><strong>a·</strong></span> 
     </span>
     <span class='ocr_line' id='line_1_64' title="bbox 176 3718 672 3784; baseline -0.016 -11"><span class='ocrx_word' id='word_1_340' title='bbox 176 3722 266 3772; x_wconf 85' lang='lat' dir='ltr'><strong>nimum</strong></span> <span class='ocrx_word' id='word_1_341' title='bbox 273 3720 429 3771; x_wconf 83' lang='lat' dir='ltr'><strong>adolescentis</strong></span> <span class='ocrx_word' id='word_1_342' title='bbox 439 3718 511 3784; x_wconf 78' lang='lat' dir='ltr'><strong>regis’</strong></span> <span class='ocrx_word' id='word_1_343' title='bbox 521 3718 602 3767; x_wconf 77' lang='lat' dir='ltr'><strong>Livius</strong></span> <span class='ocrx_word' id='word_1_344' title='bbox 609 3718 672 3778; x_wconf 84' lang='lat' dir='ltr'><strong>nir,</strong></span> 
     </span>
     <span class='ocr_line' id='line_1_65' title="bbox 177 3783 674 3861; baseline -0.014 -23"><span class='ocrx_word' id='word_1_345' title='bbox 177 3785 215 3853; x_wconf 74' lang='lat' dir='ltr'><strong>d).</strong></span> <span class='ocrx_word' id='word_1_346' title='bbox 231 3785 346 3837; x_wconf 83' lang='lat' dir='ltr'><strong>convertit</strong></span> <span class='ocrx_word' id='word_1_347' title='bbox 356 3802 382 3835; x_wconf 87' lang='lat' dir='ltr'><strong>ae</strong></span> <span class='ocrx_word' id='word_1_348' title='bbox 393 3785 484 3834; x_wconf 87' lang='lat' dir='ltr'><strong>adeum</strong></span> <span class='ocrx_word' id='word_1_349' title='bbox 496 3783 674 3861; x_wconf 62' lang='lat' dir='ltr'><strong>oivtnrgopini·</strong></span> 
     </span>
     <span class='ocr_line' id='line_1_66' title="bbox 177 3848 673 3913; baseline -0.012 -12"><span class='ocrx_word' id='word_1_350' title='bbox 177 3868 224 3903; x_wconf 90' lang='lat' dir='ltr'><strong>one</strong></span> <span class='ocrx_word' id='word_1_351' title='bbox 235 3852 339 3901; x_wconf 67' lang='lat' dir='ltr'><strong>nmmum</strong></span> <span class='ocrx_word' id='word_1_352' title='bbox 349 3849 518 3907; x_wconf 70' lang='lat' dir='ltr'><strong>destinabatur,</strong></span> <span class='ocrx_word' id='word_1_353' title='bbox 528 3848 570 3913; x_wconf 88' lang='lat' dir='ltr'><strong>qui</strong></span> <span class='ocrx_word' id='word_1_354' title='bbox 580 3848 673 3897; x_wconf 89' lang='lat' dir='ltr'><strong>lrberta·</strong></span> 
     </span>
     <span class='ocr_line' id='line_1_67' title="bbox 177 3913 674 3980; baseline -0.008 -12"><span class='ocrx_word' id='word_1_355' title='bbox 177 3923 226 3967; x_wconf 86' lang='lat' dir='ltr'><strong>tem</strong></span> <span class='ocrx_word' id='word_1_356' title='bbox 236 3925 262 3967; x_wconf 88' lang='lat' dir='ltr'><strong>et</strong></span> <span class='ocrx_word' id='word_1_357' title='bbox 279 3923 365 3966; x_wconf 84' lang='lat' dir='ltr'><strong>etatum</strong></span> <span class='ocrx_word' id='word_1_358' title='bbox 381 3915 440 3980; x_wconf 82' lang='lat' dir='ltr'><strong>reip.</strong></span> <span class='ocrx_word' id='word_1_359' title='bbox 456 3913 577 3978; x_wconf 88' lang='lat' dir='ltr'><strong>redderet)</strong></span> <span class='ocrx_word' id='word_1_360' title='bbox 592 3918 674 3970; x_wconf 62' lang='lat' dir='ltr'><strong>arne</strong></span> 
     </span>
     <span class='ocr_line' id='line_1_68' title="bbox 177 3978 674 4050; baseline -0.016 -17"><span class='ocrx_word' id='word_1_361' title='bbox 177 3982 275 4050; x_wconf 85' lang='lat' dir='ltr'><strong>(Cicero</strong></span> <span class='ocrx_word' id='word_1_362' title='bbox 280 3980 441 4047; x_wconf 76' lang='lat' dir='ltr'><strong>EpadAttic.</strong></span> <span class='ocrx_word' id='word_1_363' title='bbox 450 3980 498 4037; x_wconf 77' lang='lat' dir='ltr'><strong>xiv,</strong></span> <span class='ocrx_word' id='word_1_364' title='bbox 503 3982 544 4030; x_wconf 77' lang='grc'><strong>11.</strong></span> <span class='ocrx_word' id='word_1_365' title='bbox 554 3978 588 4027; x_wconf 88' lang='lat' dir='ltr'><strong>ita</strong></span> <span class='ocrx_word' id='word_1_366' title='bbox 594 3978 674 4026; x_wconf 75' lang='lat' dir='ltr'><strong>effertr</strong></span> 
     </span>
     <span class='ocr_line' id='line_1_69' title="bbox 177 4172 677 4238; baseline -0.014 -11"><span class='ocrx_word' id='word_1_367' title='bbox 177 4193 234 4227; x_wconf 85' lang='lat' dir='ltr'><strong>neus</strong></span> <span class='ocrx_word' id='word_1_368' title='bbox 252 4177 316 4226; x_wconf 84' lang='lat' dir='ltr'><strong>idem</strong></span> <span class='ocrx_word' id='word_1_369' title='bbox 335 4178 360 4225; x_wconf 89' lang='lat' dir='ltr'><strong>in</strong></span> <span class='ocrx_word' id='word_1_370' title='bbox 376 4175 457 4224; x_wconf 83' lang='lat' dir='ltr'><strong>Somn.</strong></span> <span class='ocrx_word' id='word_1_371' title='bbox 473 4174 538 4238; x_wconf 83' lang='lat' dir='ltr'><strong>Scip.</strong></span> <span class='ocrx_word' id='word_1_372' title='bbox 555 4189 577 4222; x_wconf 87' lang='lat' dir='ltr'><strong>c.</strong></span> <span class='ocrx_word' id='word_1_373' title='bbox 594 4178 619 4223; x_wconf 92' lang='grc'><strong>1.</strong></span> <span class='ocrx_word' id='word_1_374' title='bbox 635 4172 677 4236; x_wconf 88' lang='lat' dir='ltr'><strong>qui</strong></span> 
     </span>
     <span class='ocr_line' id='line_1_70' title="bbox 177 4238 677 4306; baseline -0.012 -14"><span class='ocrx_word' id='word_1_375' title='bbox 177 4241 245 4292; x_wconf 82' lang='lat' dir='ltr'><strong>locus</strong></span> <span class='ocrx_word' id='word_1_376' title='bbox 263 4242 336 4291; x_wconf 84' lang='lat' dir='ltr'><strong>instar</strong></span> <span class='ocrx_word' id='word_1_377' title='bbox 345 4238 514 4306; x_wconf 68' lang='lat' dir='ltr'><strong>rupnppdoeer</strong></span> <span class='ocrx_word' id='word_1_378' title='bbox 524 4238 575 4288; x_wconf 81' lang='lat' dir='ltr'><strong>erit.</strong></span> <span class='ocrx_word' id='word_1_379' title='bbox 592 4244 600 4267; x_wconf 85' lang='lat'>‘</span> <span class='ocrx_word' id='word_1_380' title='bbox 609 4238 639 4287; x_wconf 92' lang='lat' dir='ltr'><strong>In</strong></span> <span class='ocrx_word' id='word_1_381' title='bbox 653 4245 677 4287; x_wconf 89' lang='lat' dir='ltr'><strong>te</strong></span> 
     </span>
     <span class='ocr_line' id='line_1_71' title="bbox 178 4306 678 4376; baseline -0.012 -20"><span class='ocrx_word' id='word_1_382' title='bbox 178 4307 270 4366; x_wconf 87' lang='lat' dir='ltr'><strong>unum,&#39;</strong></span> <span class='ocrx_word' id='word_1_383' title='bbox 285 4307 387 4371; x_wconf 80' lang='lat' dir='ltr'><strong>inquit‚‘</strong></span> <span class='ocrx_word' id='word_1_384' title='bbox 392 4315 464 4371; x_wconf 91' lang='lat' dir='ltr'><strong>atque</strong></span> <span class='ocrx_word' id='word_1_385' title='bbox 471 4306 495 4353; x_wconf 85' lang='lat' dir='ltr'><strong>in</strong></span> <span class='ocrx_word' id='word_1_386' title='bbox 506 4313 576 4376; x_wconf 44' lang='lat' dir='ltr'><strong>tuum&#39;</strong></span> <span class='ocrx_word' id='word_1_387' title='bbox 583 4315 678 4359; x_wconf 80' lang='lat' dir='ltr'><strong>nomeu,</strong></span> 
     </span>
    </p>

    <p class='ocr_par' dir='ltr' id='par_1_14' title="bbox 152 4371 678 4426">
     <span class='ocr_line' id='line_1_72' title="bbox 152 4371 678 4426; baseline -0.006 -4"><span class='ocrx_word' id='word_1_388' title='bbox 152 4399 156 4406; x_wconf 90' lang='lat'><strong>·</strong></span> <span class='ocrx_word' id='word_1_389' title='bbox 179 4389 206 4422; x_wconf 87' lang='lat' dir='ltr'><strong>re</strong></span> <span class='ocrx_word' id='word_1_390' title='bbox 223 4381 274 4423; x_wconf 86' lang='lat' dir='ltr'><strong>tota</strong></span> <span class='ocrx_word' id='word_1_391' title='bbox 284 4379 404 4424; x_wconf 82' lang='lat' dir='ltr'><strong>convertet</strong></span> <span class='ocrx_word' id='word_1_392' title='bbox 418 4371 515 4419; x_wconf 81' lang='lat' dir='ltr'><strong>civitas:</strong></span> <span class='ocrx_word' id='word_1_393' title='bbox 540 4375 564 4418; x_wconf 89' lang='lat' dir='ltr'><strong>te</strong></span> <span class='ocrx_word' id='word_1_394' title='bbox 576 4376 678 4426; x_wconf 65' lang='lat' dir='ltr'><strong>meatur,</strong></span> 
     </span>
    </p>
   </div>
   <div class='ocr_carea' id='block_1_9' title="bbox 698 1569 1240 3645">
    <p class='ocr_par' dir='ltr' id='par_1_15' title="bbox 698 1569 1231 2216">
     <span class='ocr_line' id='line_1_73' title="bbox 698 1569 1228 1639; baseline -0.006 -15"><span class='ocrx_word' id='word_1_395' title='bbox 698 1571 782 1638; x_wconf 70' lang='lat' dir='ltr'><strong>copie</strong></span> <span class='ocrx_word' id='word_1_396' title='bbox 797 1572 843 1639; x_wconf 86' lang='lat' dir='ltr'><strong>(sc.</strong></span> <span class='ocrx_word' id='word_1_397' title='bbox 865 1569 994 1637; x_wconf 87' lang='lat' dir='ltr'><strong>militum):</strong></span> <span class='ocrx_word' id='word_1_398' title='bbox 1021 1570 1141 1636; x_wconf 86' lang='lat' dir='ltr'><strong>copiarum</strong></span> <span class='ocrx_word' id='word_1_399' title='bbox 1159 1587 1228 1621; x_wconf 88' lang='lat' dir='ltr'><strong>omne</strong></span> 
     </span>
     <span class='ocr_line' id='line_1_74' title="bbox 732 1636 1229 1702; baseline 0 -15"><span class='ocrx_word' id='word_1_400' title='bbox 732 1654 807 1702; x_wconf 78' lang='lat' dir='ltr'><strong>genus</strong></span> <span class='ocrx_word' id='word_1_401' title='bbox 823 1636 914 1696; x_wconf 67' lang='lat' dir='ltr'><strong>xiiiio</strong></span> <span class='ocrx_word' id='word_1_402' title='bbox 941 1637 1022 1702; x_wconf 87' lang='lat' dir='ltr'><strong>copias</strong></span> <span class='ocrx_word' id='word_1_403' title='bbox 1038 1652 1092 1686; x_wconf 87' lang='lat' dir='ltr'><strong>suas</strong></span> <span class='ocrx_word' id='word_1_404' title='bbox 1112 1637 1229 1687; x_wconf 87' lang='lat' dir='ltr'><strong>deducere</strong></span> 
     </span>
     <span class='ocr_line' id='line_1_75' title="bbox 731 1700 1230 1767; baseline -0.006 -15"><span class='ocrx_word' id='word_1_405' title='bbox 731 1704 844 1767; x_wconf 87' lang='lat' dir='ltr'><strong>incamp.</strong></span> <span class='ocrx_word' id='word_1_406' title='bbox 860 1700 905 1760; x_wconf 82' lang='lat' dir='ltr'><strong>i,t</strong></span> <span class='ocrx_word' id='word_1_407' title='bbox 932 1703 1079 1750; x_wconf 67' lang='lat' dir='ltr'><strong>tensorum</strong></span> <span class='ocrx_word' id='word_1_408' title='bbox 1088 1701 1196 1767; x_wconf 78' lang='lat' dir='ltr'><strong>disjicere</strong></span> <span class='ocrx_word' id='word_1_409' title='bbox 1212 1702 1230 1760; x_wconf 88' lang='lat' dir='ltr'><strong>i,</strong></span> 
     </span>
     <span class='ocr_line' id='line_1_76' title="bbox 732 1766 1231 1825; baseline -0.002 -7"><span class='ocrx_word' id='word_1_410' title='bbox 732 1772 750 1819; x_wconf 94' lang='grc'><strong>1</strong></span> <span class='ocrx_word' id='word_1_411' title='bbox 776 1768 876 1817; x_wconf 80' lang='lat' dir='ltr'><strong>educere</strong></span> <span class='ocrx_word' id='word_1_412' title='bbox 896 1782 925 1816; x_wconf 83' lang='lat' dir='ltr'><strong>ea</strong></span> <span class='ocrx_word' id='word_1_413' title='bbox 944 1767 1000 1815; x_wconf 87' lang='lat' dir='ltr'><strong>urbe</strong></span> <span class='ocrx_word' id='word_1_414' title='bbox 1025 1766 1077 1825; x_wconf 73' lang='lat' dir='ltr'><strong>il</strong></span> <span class='ocrx_word' id='word_1_415' title='bbox 1110 1768 1231 1817; x_wconf 82' lang='lat' dir='ltr'><strong>traducere</strong></span> 
     </span>
     <span class='ocr_line' id='line_1_77' title="bbox 733 1832 1231 1910; baseline -0.002 -30"><span class='ocrx_word' id='word_1_416' title='bbox 733 1832 831 1898; x_wconf 79' lang='lat' dir='ltr'><strong>(pouter</strong></span> <span class='ocrx_word' id='word_1_417' title='bbox 843 1832 909 1910; x_wconf 76' lang='lat' dir='ltr'><strong>alibi,</strong></span> <span class='ocrx_word' id='word_1_418' title='bbox 920 1832 1024 1909; x_wconf 71' lang='lat' dir='ltr'><strong>trajicere</strong></span> <span class='ocrx_word' id='word_1_419' title='bbox 1027 1849 1035 1892; x_wconf 88' lang='lat'>;</span> <span class='ocrx_word' id='word_1_420' title='bbox 1050 1839 1074 1910; x_wconf 71' lang='lat' dir='ltr'><strong>et</strong></span> <span class='ocrx_word' id='word_1_421' title='bbox 1084 1846 1146 1908; x_wconf 59' lang='lat' dir='ltr'><strong>ruer,</strong></span> <span class='ocrx_word' id='word_1_422' title='bbox 1157 1840 1231 1909; x_wconf 73' lang='lat' dir='ltr'><strong>trans·</strong></span> 
     </span>
     <span class='ocr_line' id='line_1_78' title="bbox 732 1897 1231 2025; baseline -0.006 -13"><span class='ocrx_word' id='word_1_423' title='bbox 732 1897 1231 2025; x_wconf 41' lang='lat' dir='ltr'><strong>dfdwcedrd&#39;trlutidoddlpiiselldlld&#39;pedrlrrmiucdaoe·</strong></span> 
     </span>
     <span class='ocr_line' id='line_1_79' title="bbox 734 2025 1231 2091; baseline -0.004 -16"><span class='ocrx_word' id='word_1_424' title='bbox 734 2028 798 2085; x_wconf 87' lang='lat' dir='ltr'><strong>dere,</strong></span> <span class='ocrx_word' id='word_1_425' title='bbox 811 2034 837 2075; x_wconf 92' lang='lat' dir='ltr'><strong>ut</strong></span> <span class='ocrx_word' id='word_1_426' title='bbox 853 2025 905 2084; x_wconf 84' lang='grc'><strong>11,1</strong></span> <span class='ocrx_word' id='word_1_427' title='bbox 932 2026 1007 2091; x_wconf 88' lang='lat' dir='ltr'><strong>copiis</strong></span> <span class='ocrx_word' id='word_1_428' title='bbox 1020 2027 1167 2089; x_wconf 81' lang='lat' dir='ltr'><strong>pedestribus</strong></span> <span class='ocrx_word' id='word_1_429' title='bbox 1178 2025 1231 2091; x_wconf 88' lang='lat' dir='ltr'><strong>plus</strong></span> 
     </span>
     <span class='ocr_line' id='line_1_80' title="bbox 734 2090 1231 2157; baseline 0.004 -18"><span class='ocrx_word' id='word_1_430' title='bbox 734 2092 812 2142; x_wconf 78' lang='lat' dir='ltr'><strong>valere</strong></span> <span class='ocrx_word' id='word_1_431' title='bbox 822 2106 892 2157; x_wconf 88' lang='lat' dir='ltr'><strong>quam</strong></span> <span class='ocrx_word' id='word_1_432' title='bbox 902 2091 1001 2139; x_wconf 86' lang='lat' dir='ltr'><strong>neribus</strong></span> <span class='ocrx_word' id='word_1_433' title='bbox 1011 2091 1077 2149; x_wconf 70' lang='lat' dir='ltr'><strong>riis</strong></span> <span class='ocrx_word' id='word_1_434' title='bbox 1092 2090 1179 2156; x_wconf 83' lang='lat' dir='ltr'><strong>pellere</strong></span> <span class='ocrx_word' id='word_1_435' title='bbox 1189 2092 1231 2141; x_wconf 87' lang='lat' dir='ltr'><strong>ad·</strong></span> 
     </span>
     <span class='ocr_line' id='line_1_81' title="bbox 734 2154 966 2216; baseline 0.017 -13"><span class='ocrx_word' id='word_1_436' title='bbox 734 2158 846 2207; x_wconf 84' lang='lat' dir='ltr'><strong>versarier</strong></span> <span class='ocrx_word' id='word_1_437' title='bbox 863 2154 927 2216; x_wconf 79' lang='lat' dir='ltr'><strong>xxiii,</strong></span> <span class='ocrx_word' id='word_1_438' title='bbox 936 2160 966 2207; x_wconf 87' lang='lat'><strong>11</strong></span> 
     </span>
    </p>

    <p class='ocr_par' dir='ltr' id='par_1_16' title="bbox 703 2221 1235 2485">
     <span class='ocr_line' id='line_1_82' title="bbox 703 2221 1233 2289; baseline -0.013 -14"><span class='ocrx_word' id='word_1_439' title='bbox 703 2223 807 2289; x_wconf 80' lang='lat' dir='ltr'><strong>Cepione</strong></span> <span class='ocrx_word' id='word_1_440' title='bbox 817 2223 855 2272; x_wconf 83' lang='lat' dir='ltr'><strong>ria</strong></span> <span class='ocrx_word' id='word_1_441' title='bbox 869 2221 945 2287; x_wconf 87' lang='lat' dir='ltr'><strong>(mur,</strong></span> <span class='ocrx_word' id='word_1_442' title='bbox 960 2222 1063 2270; x_wconf 88' lang='lat' dir='ltr'><strong>omnium</strong></span> <span class='ocrx_word' id='word_1_443' title='bbox 1073 2237 1148 2271; x_wconf 89' lang='lat' dir='ltr'><strong>rerum</strong></span> <span class='ocrx_word' id='word_1_444' title='bbox 1158 2221 1233 2270; x_wconf 80' lang='lat' dir='ltr'><strong>ebun-</strong></span> 
     </span>
     <span class='ocr_line' id='line_1_83' title="bbox 735 2285 1234 2372; baseline -0.006 -34"><span class='ocrx_word' id='word_1_445' title='bbox 735 2290 807 2338; x_wconf 87' lang='lat' dir='ltr'><strong>dans:</strong></span> <span class='ocrx_word' id='word_1_446' title='bbox 825 2302 881 2352; x_wconf 88' lang='lat' dir='ltr'><strong>opp.</strong></span> <span class='ocrx_word' id='word_1_447' title='bbox 894 2286 945 2336; x_wconf 85' lang='lat' dir='ltr'><strong>loea</strong></span> <span class='ocrx_word' id='word_1_448' title='bbox 956 2286 1060 2353; x_wconf 85' lang='lat' dir='ltr'><strong>deserta)</strong></span> <span class='ocrx_word' id='word_1_449' title='bbox 1076 2286 1166 2346; x_wconf 69' lang='lat' dir='ltr'><strong>erilis</strong></span> <span class='ocrx_word' id='word_1_450' title='bbox 1181 2285 1234 2372; x_wconf 41' lang='lat' dir='ltr'><strong>ldie</strong></span> 
     </span>
     <span class='ocr_line' id='line_1_84' title="bbox 736 2350 1235 2429; baseline -0.006 -27"><span class='ocrx_word' id='word_1_451' title='bbox 736 2369 776 2419; x_wconf 84' lang='lat' dir='ltr'><strong>ap.</strong></span> <span class='ocrx_word' id='word_1_452' title='bbox 788 2352 838 2403; x_wconf 88' lang='lat' dir='ltr'><strong>Cic.</strong></span> <span class='ocrx_word' id='word_1_453' title='bbox 847 2367 888 2429; x_wconf 88' lang='lat' dir='ltr'><strong>pru</strong></span> <span class='ocrx_word' id='word_1_454' title='bbox 897 2350 999 2402; x_wconf 76' lang='lat' dir='ltr'><strong>Archia:</strong></span> <span class='ocrx_word' id='word_1_455' title='bbox 1012 2353 1192 2418; x_wconf 59' lang='lat' dir='ltr'><strong>‘urbscopiorn</strong></span> <span class='ocrx_word' id='word_1_456' title='bbox 1208 2350 1235 2399; x_wconf 89' lang='lat' dir='ltr'><strong>in</strong></span> 
     </span>
     <span class='ocr_line' id='line_1_85' title="bbox 736 2414 1218 2485; baseline -0.008 -17"><span class='ocrx_word' id='word_1_457' title='bbox 736 2434 785 2485; x_wconf 87' lang='lat' dir='ltr'><strong>qua</strong></span> <span class='ocrx_word' id='word_1_458' title='bbox 795 2432 899 2468; x_wconf 85' lang='lat' dir='ltr'><strong>omururu</strong></span> <span class='ocrx_word' id='word_1_459' title='bbox 907 2432 982 2467; x_wconf 86' lang='lat' dir='ltr'><strong>rerunr</strong></span> <span class='ocrx_word' id='word_1_460' title='bbox 993 2424 1030 2467; x_wconf 87' lang='lat' dir='ltr'><strong>ert</strong></span> <span class='ocrx_word' id='word_1_461' title='bbox 1037 2416 1114 2484; x_wconf 80' lang='lat' dir='ltr'><strong>copia.</strong></span> <span class='ocrx_word' id='word_1_462' title='bbox 1125 2414 1218 2480; x_wconf 84' lang='lat' dir='ltr'><strong>Vorst.)</strong></span> 
     </span>
    </p>

    <p class='ocr_par' dir='ltr' id='par_1_17' title="bbox 704 2481 1239 3518">
     <span class='ocr_line' id='line_1_86' title="bbox 704 2481 1235 2550; baseline -0.009 -16"><span class='ocrx_word' id='word_1_463' title='bbox 704 2483 821 2550; x_wconf 87' lang='lat' dir='ltr'><strong>Copularu</strong></span> <span class='ocrx_word' id='word_1_464' title='bbox 838 2498 909 2532; x_wconf 87' lang='lat' dir='ltr'><strong>manu</strong></span> <span class='ocrx_word' id='word_1_465' title='bbox 927 2498 1005 2548; x_wconf 77' lang='lat' dir='ltr'><strong>gerere</strong></span> <span class='ocrx_word' id='word_1_466' title='bbox 1020 2484 1099 2541; x_wconf 59' lang='lat' dir='ltr'><strong>rint</strong></span> <span class='ocrx_word' id='word_1_467' title='bbox 1127 2481 1235 2549; x_wconf 71' lang='lat' dir='ltr'><strong>(inme,</strong></span> 
     </span>
     <span class='ocr_line' id='line_1_87' title="bbox 736 2547 1235 2613; baseline -0.004 -15"><span class='ocrx_word' id='word_1_468' title='bbox 736 2549 868 2607; x_wconf 80' lang='lat' dir='ltr'><strong>vinculum,</strong></span> <span class='ocrx_word' id='word_1_469' title='bbox 884 2548 969 2607; x_wconf 84' lang='lat' dir='ltr'><strong>lorum,</strong></span> <span class='ocrx_word' id='word_1_470' title='bbox 996 2563 1028 2596; x_wconf 92' lang='lat' dir='ltr'><strong>uo</strong></span> <span class='ocrx_word' id='word_1_471' title='bbox 1045 2547 1147 2613; x_wconf 77' lang='lat' dir='ltr'><strong>ligantur</strong></span> <span class='ocrx_word' id='word_1_472' title='bbox 1164 2562 1235 2596; x_wconf 82' lang='lat' dir='ltr'><strong>canes</strong></span> 
     </span>
     <span class='ocr_line' id='line_1_88' title="bbox 737 2612 1237 2671; baseline -0.006 -8"><span class='ocrx_word' id='word_1_473' title='bbox 737 2614 848 2663; x_wconf 77' lang='lat' dir='ltr'><strong>venatici.</strong></span> <span class='ocrx_word' id='word_1_474' title='bbox 869 2612 969 2661; x_wconf 77' lang='lat' dir='ltr'><strong>Ouidius</strong></span> <span class='ocrx_word' id='word_1_475' title='bbox 1005 2614 1052 2661; x_wconf 80' lang='lat' dir='ltr'><strong>rint.</strong></span> <span class='ocrx_word' id='word_1_476' title='bbox 1067 2630 1091 2671; x_wconf 83' lang='lat' dir='ltr'><strong>v,</strong></span> <span class='ocrx_word' id='word_1_477' title='bbox 1103 2618 1135 2663; x_wconf 83' lang='lat'><strong>19</strong></span> <span class='ocrx_word' id='word_1_478' title='bbox 1160 2612 1237 2661; x_wconf 66' lang='lat' dir='ltr'><strong>‘Lon</strong></span> 
     </span>
     <span class='ocr_line' id='line_1_89' title="bbox 737 2675 1236 2743; baseline -0.01 -14"><span class='ocrx_word' id='word_1_479' title='bbox 737 2687 826 2729; x_wconf 73' lang='lat' dir='ltr'><strong>uatem</strong></span> <span class='ocrx_word' id='word_1_480' title='bbox 835 2679 919 2728; x_wconf 74' lang='lat' dir='ltr'><strong>trustra</strong></span> <span class='ocrx_word' id='word_1_481' title='bbox 929 2678 1015 2743; x_wconf 86' lang='lat' dir='ltr'><strong>copula</strong></span> <span class='ocrx_word' id='word_1_482' title='bbox 1025 2678 1084 2727; x_wconf 89' lang='lat' dir='ltr'><strong>dura</strong></span> <span class='ocrx_word' id='word_1_483' title='bbox 1093 2676 1174 2728; x_wconf 67' lang='lat' dir='ltr'><strong>tenet!</strong></span> <span class='ocrx_word' id='word_1_484' title='bbox 1196 2675 1236 2725; x_wconf 90' lang='lat' dir='ltr'><strong>De</strong></span> 
     </span>
     <span class='ocr_line' id='line_1_90' title="bbox 736 2742 1235 2808; baseline -0.01 -15"><span class='ocrx_word' id='word_1_485' title='bbox 736 2759 796 2793; x_wconf 82' lang='lat' dir='ltr'><strong>caue</strong></span> <span class='ocrx_word' id='word_1_486' title='bbox 808 2743 916 2793; x_wconf 79' lang='lat' dir='ltr'><strong>venatico</strong></span> <span class='ocrx_word' id='word_1_487' title='bbox 932 2742 1042 2808; x_wconf 87' lang='lat' dir='ltr'><strong>loquitur.</strong></span> <span class='ocrx_word' id='word_1_488' title='bbox 1067 2742 1138 2792; x_wconf 79' lang='lat' dir='ltr'><strong>Adde</strong></span> <span class='ocrx_word' id='word_1_489' title='bbox 1153 2742 1235 2790; x_wconf 83' lang='lat' dir='ltr'><strong>Barth.</strong></span> 
     </span>
     <span class='ocr_line' id='line_1_91' title="bbox 736 2807 1237 2887; baseline -0.008 -29"><span class='ocrx_word' id='word_1_490' title='bbox 736 2809 830 2859; x_wconf 81' lang='lat' dir='ltr'><strong>adrem.</strong></span> <span class='ocrx_word' id='word_1_491' title='bbox 846 2808 911 2866; x_wconf 78' lang='lat' dir='ltr'><strong>xviii,</strong></span> <span class='ocrx_word' id='word_1_492' title='bbox 918 2808 974 2885; x_wconf 73' lang='grc'><strong>11).</strong></span> <span class='ocrx_word' id='word_1_493' title='bbox 990 2807 1077 2887; x_wconf 76' lang='lat' dir='ltr'><strong>copula</strong></span> <span class='ocrx_word' id='word_1_494' title='bbox 1086 2807 1237 2857; x_wconf 83' lang='lat' dir='ltr'><strong>taliumriru·</strong></span> 
     </span>
     <span class='ocr_line' id='line_1_92' title="bbox 736 2870 1239 2998; baseline -0.01 -9"><span class='ocrx_word' id='word_1_495' title='bbox 736 2891 790 2990; x_wconf 66' lang='lat' dir='ltr'><strong>‘lt</strong></span> <span class='ocrx_word' id='word_1_496' title='bbox 805 2870 1239 2998; x_wconf 59' lang='lat' dir='ltr'><strong>§inllttrl’ntt&#39;ntttlir</strong></span> 
     </span>
     <span class='ocr_line' id='line_1_93' title="bbox 738 3002 1238 3069; baseline -0.008 -16"><span class='ocrx_word' id='word_1_497' title='bbox 738 3004 839 3064; x_wconf 83' lang='lat' dir='ltr'><strong>medius,</strong></span> <span class='ocrx_word' id='word_1_498' title='bbox 860 3002 986 3069; x_wconf 82' lang='lat' dir='ltr'><strong>effecitque</strong></span> <span class='ocrx_word' id='word_1_499' title='bbox 1002 3010 1029 3051; x_wconf 92' lang='lat' dir='ltr'><strong>ut</strong></span> <span class='ocrx_word' id='word_1_500' title='bbox 1046 3004 1110 3051; x_wconf 89' lang='lat' dir='ltr'><strong>nulla</strong></span> <span class='ocrx_word' id='word_1_501' title='bbox 1122 3004 1182 3051; x_wconf 84' lang='lat' dir='ltr'><strong>inter</strong></span> <span class='ocrx_word' id='word_1_502' title='bbox 1196 3016 1238 3049; x_wconf 90' lang='lat' dir='ltr'><strong>cos</strong></span> 
     </span>
     <span class='ocr_line' id='line_1_94' title="bbox 737 3065 1239 3131; baseline -0.01 -12"><span class='ocrx_word' id='word_1_503' title='bbox 737 3068 894 3119; x_wconf 83' lang='lat' dir='ltr'><strong>intercederet</strong></span> <span class='ocrx_word' id='word_1_504' title='bbox 911 3067 1064 3131; x_wconf 86' lang='lat' dir='ltr'><strong>obtrectatio)</strong></span> <span class='ocrx_word' id='word_1_505' title='bbox 1080 3072 1162 3125; x_wconf 58' lang='lat' dir='ltr'><strong>arno</strong></span> <span class='ocrx_word' id='word_1_506' title='bbox 1187 3065 1239 3131; x_wconf 74' lang='lat' dir='ltr'><strong>(Sic</strong></span> 
     </span>
     <span class='ocr_line' id='line_1_95' title="bbox 738 3129 1237 3210; baseline -0.016 -26"><span class='ocrx_word' id='word_1_507' title='bbox 738 3133 805 3184; x_wconf 87' lang='lat' dir='ltr'><strong>Julia</strong></span> <span class='ocrx_word' id='word_1_508' title='bbox 816 3133 926 3210; x_wconf 83' lang='lat' dir='ltr'><strong>Pompeii</strong></span> <span class='ocrx_word' id='word_1_509' title='bbox 936 3141 961 3181; x_wconf 89' lang='lat' dir='ltr'><strong>et</strong></span> <span class='ocrx_word' id='word_1_510' title='bbox 971 3132 1070 3183; x_wconf 66' lang='lat' dir='ltr'><strong>cenans</strong></span> <span class='ocrx_word' id='word_1_511' title='bbox 1080 3131 1167 3198; x_wconf 83' lang='lat' dir='ltr'><strong>copula</strong></span> <span class='ocrx_word' id='word_1_512' title='bbox 1176 3129 1221 3179; x_wconf 81' lang='lat' dir='ltr'><strong>luit</strong></span> <span class='ocrx_word' id='word_1_513' title='bbox 1231 3146 1237 3176; x_wconf 92' lang='lat'><strong>:</strong></span> 
     </span>
     <span class='ocr_line' id='line_1_96' title="bbox 739 3195 1239 3264; baseline -0.01 -16"><span class='ocrx_word' id='word_1_514' title='bbox 739 3199 781 3264; x_wconf 89' lang='lat' dir='ltr'><strong>qui</strong></span> <span class='ocrx_word' id='word_1_515' title='bbox 797 3199 859 3248; x_wconf 85' lang='lat' dir='ltr'><strong>euim</strong></span> <span class='ocrx_word' id='word_1_516' title='bbox 877 3198 918 3246; x_wconf 88' lang='lat' dir='ltr'><strong>rlla</strong></span> <span class='ocrx_word' id='word_1_517' title='bbox 938 3198 1111 3248; x_wconf 85' lang='lat' dir='ltr'><strong>necessitudine</strong></span> <span class='ocrx_word' id='word_1_518' title='bbox 1132 3195 1239 3245; x_wconf 83' lang='lat' dir='ltr'><strong>coutine-</strong></span> 
     </span>
     <span class='ocr_line' id='line_1_97' title="bbox 740 3259 1238 3326; baseline -0.016 -12"><span class='ocrx_word' id='word_1_519' title='bbox 740 3266 825 3322; x_wconf 81' lang='lat' dir='ltr'><strong>beutur</strong></span> <span class='ocrx_word' id='word_1_520' title='bbox 835 3264 921 3321; x_wconf 89' lang='lat' dir='ltr'><strong>adhuc,</strong></span> <span class='ocrx_word' id='word_1_521' title='bbox 932 3263 1008 3311; x_wconf 86' lang='lat' dir='ltr'><strong>soluto</strong></span> <span class='ocrx_word' id='word_1_522' title='bbox 1023 3278 1065 3326; x_wconf 90' lang='lat' dir='ltr'><strong>per</strong></span> <span class='ocrx_word' id='word_1_523' title='bbox 1080 3269 1177 3310; x_wconf 85' lang='lat' dir='ltr'><strong>mortem</strong></span> <span class='ocrx_word' id='word_1_524' title='bbox 1194 3259 1238 3307; x_wconf 88' lang='lat' dir='ltr'><strong>Ju-</strong></span> 
     </span>
     <span class='ocr_line' id='line_1_98' title="bbox 740 3323 1239 3391; baseline -0.012 -14"><span class='ocrx_word' id='word_1_525' title='bbox 740 3329 778 3377; x_wconf 86' lang='lat' dir='ltr'><strong>lire</strong></span> <span class='ocrx_word' id='word_1_526' title='bbox 788 3328 1073 3391; x_wconf 82' lang='lat' dir='ltr'><strong>ioedere,adanuaproru</strong></span> <span class='ocrx_word' id='word_1_527' title='bbox 1106 3340 1138 3374; x_wconf 49' lang='lat' dir='ltr'><strong>rea</strong></span> <span class='ocrx_word' id='word_1_528' title='bbox 1156 3323 1239 3372; x_wconf 83' lang='lat' dir='ltr'><strong>‘Male</strong></span> 
     </span>
     <span class='ocr_line' id='line_1_99' title="bbox 740 3387 1238 3456; baseline -0.016 -13"><span class='ocrx_word' id='word_1_529' title='bbox 740 3393 913 3456; x_wconf 76' lang='lat' dir='ltr'><strong>coherentispi</strong></span> <span class='ocrx_word' id='word_1_530' title='bbox 946 3406 1056 3441; x_wconf 82' lang='lat' dir='ltr'><strong>ueconco</strong></span> <span class='ocrx_word' id='word_1_531' title='bbox 1085 3390 1130 3449; x_wconf 77' lang='lat' dir='ltr'><strong>&#39;a,’</strong></span> <span class='ocrx_word' id='word_1_532' title='bbox 1146 3387 1238 3438; x_wconf 82' lang='lat' dir='ltr'><strong>Velleio</strong></span> 
     </span>
     <span class='ocr_line' id='line_1_100' title="bbox 739 3454 1014 3518; baseline -0.011 -12"><span class='ocrx_word' id='word_1_533' title='bbox 739 3459 771 3506; x_wconf 90' lang='lat' dir='ltr'><strong>ob</strong></span> <span class='ocrx_word' id='word_1_534' title='bbox 782 3458 806 3507; x_wconf 95' lang='lat' dir='ltr'><strong>id</strong></span> <span class='ocrx_word' id='word_1_535' title='bbox 815 3456 909 3506; x_wconf 88' lang='lat' dir='ltr'><strong>dicitur.</strong></span> <span class='ocrx_word' id='word_1_536' title='bbox 983 3454 1014 3518; x_wconf 88' lang='grc' dir='ltr'><strong>Ι.)</strong></span> 
     </span>
    </p>

    <p class='ocr_par' dir='ltr' id='par_1_18' title="bbox 708 3516 1240 3645">
     <span class='ocr_line' id='line_1_101' title="bbox 708 3516 1240 3588; baseline -0.009 -15"><span class='ocrx_word' id='word_1_537' title='bbox 708 3521 825 3587; x_wconf 83' lang='lat' dir='ltr'><strong>coquitur</strong></span> <span class='ocrx_word' id='word_1_538' title='bbox 834 3523 856 3571; x_wconf 89' lang='lat' dir='ltr'><strong>ei</strong></span> <span class='ocrx_word' id='word_1_539' title='bbox 867 3536 934 3570; x_wconf 85' lang='lat' dir='ltr'><strong>cmua</strong></span> <span class='ocrx_word' id='word_1_540' title='bbox 944 3516 1093 3588; x_wconf 77' lang='lat' dir='ltr'><strong>(apparatur)</strong></span> <span class='ocrx_word' id='word_1_541' title='bbox 1108 3535 1132 3577; x_wconf 87' lang='lat' dir='ltr'><strong>r,</strong></span> <span class='ocrx_word' id='word_1_542' title='bbox 1143 3522 1159 3569; x_wconf 78' lang='lat' dir='ltr'><strong>d</strong></span> <span class='ocrx_word' id='word_1_543' title='bbox 1185 3532 1240 3568; x_wconf 87' lang='lat' dir='ltr'><strong>coc·</strong></span> 
     </span>
     <span class='ocr_line' id='line_1_102' title="bbox 739 3586 967 3645; baseline -0.004 -8"><span class='ocrx_word' id='word_1_544' title='bbox 739 3586 967 3645; x_wconf 64' lang='lat' dir='ltr'><strong>neronianum</strong></span> 
     </span>
    </p>
   </div>
   <div class='ocr_carea' id='block_1_10' title="bbox 698 3646 1288 3718">
    <p class='ocr_par' dir='ltr' id='par_1_19' title="bbox 698 3646 1288 3718">
     <span class='ocr_line' id='line_1_103' title="bbox 698 3646 1288 3718; baseline -0.015 -15"><span class='ocrx_word' id='word_1_545' title='bbox 698 3651 836 3718; x_wconf 79' lang='lat' dir='ltr'><strong>&#39;Corcyram</strong></span> <span class='ocrx_word' id='word_1_546' title='bbox 856 3652 900 3700; x_wconf 85' lang='lat' dir='ltr'><strong>sub</strong></span> <span class='ocrx_word' id='word_1_547' title='bbox 918 3648 1040 3716; x_wconf 85' lang='lat' dir='ltr'><strong>imperium</strong></span> <span class='ocrx_word' id='word_1_548' title='bbox 1057 3646 1146 3697; x_wconf 72' lang='lat' dir='ltr'><strong>Athen.</strong></span> <span class='ocrx_word' id='word_1_549' title='bbox 1155 3646 1240 3712; x_wconf 78' lang='lat' dir='ltr'><strong>redigit</strong></span> <span class='ocrx_word' id='word_1_550' title='bbox 1286 3659 1288 3668; x_wconf 74' lang='lat'><strong><em>¹</em></strong></span> 
     </span>
    </p>
   </div>
   <div class='ocr_carea' id='block_1_11' title="bbox 739 3713 1242 3975">
    <p class='ocr_par' dir='ltr' id='par_1_20' title="bbox 739 3713 1242 3975">
     <span class='ocr_line' id='line_1_104' title="bbox 739 3713 1241 3779; baseline -0.01 -12"><span class='ocrx_word' id='word_1_551' title='bbox 739 3718 843 3767; x_wconf 60' lang='lat' dir='ltr'><strong>timoth.</strong></span> <span class='ocrx_word' id='word_1_552' title='bbox 867 3715 954 3773; x_wconf 62' lang='lat' dir='ltr'><strong>xiiii</strong></span> <span class='ocrx_word' id='word_1_553' title='bbox 980 3714 1095 3779; x_wconf 80' lang='lat' dir='ltr'><strong>demigrat</strong></span> <span class='ocrx_word' id='word_1_554' title='bbox 1110 3713 1241 3762; x_wconf 64' lang='lat' dir='ltr'><strong>incutiatu-</strong></span> 
     </span>
     <span class='ocr_line' id='line_1_105' title="bbox 741 3778 1241 3846; baseline -0.008 -14"><span class='ocrx_word' id='word_1_555' title='bbox 741 3783 790 3832; x_wconf 87' lang='lat' dir='ltr'><strong>cler</strong></span> <span class='ocrx_word' id='word_1_556' title='bbox 806 3781 867 3840; x_wconf 66' lang='lat' dir='ltr'><strong>ino</strong></span> <span class='ocrx_word' id='word_1_557' title='bbox 894 3780 1045 3846; x_wconf 72' lang='lat' dir='ltr'><strong>Corcyrreuru</strong></span> <span class='ocrx_word' id='word_1_558' title='bbox 1066 3778 1153 3828; x_wconf 86' lang='lat' dir='ltr'><strong>bellum</strong></span> <span class='ocrx_word' id='word_1_559' title='bbox 1174 3779 1241 3844; x_wconf 89' lang='lat' dir='ltr'><strong>(cum</strong></span> 
     </span>
     <span class='ocr_line' id='line_1_106' title="bbox 743 3842 1242 3912; baseline -0.008 -16"><span class='ocrx_word' id='word_1_560' title='bbox 743 3845 876 3912; x_wconf 75' lang='lat' dir='ltr'><strong>Corcyreie</strong></span> <span class='ocrx_word' id='word_1_561' title='bbox 898 3844 1001 3911; x_wconf 76' lang='lat' dir='ltr'><strong>gestum)</strong></span> <span class='ocrx_word' id='word_1_562' title='bbox 1016 3844 1042 3903; x_wconf 85' lang='grc'><strong>11,</strong></span> <span class='ocrx_word' id='word_1_563' title='bbox 1063 3847 1080 3894; x_wconf 93' lang='grc'><strong>1</strong></span> <span class='ocrx_word' id='word_1_564' title='bbox 1105 3842 1242 3910; x_wconf 68' lang='lat' dir='ltr'><strong>Corcyreor</strong></span> 
     </span>
     <span class='ocr_line' id='line_1_107' title="bbox 742 3908 1081 3975; baseline 0 -15"><span class='ocrx_word' id='word_1_565' title='bbox 742 3911 829 3975; x_wconf 70' lang='lat' dir='ltr'><strong>(rugit</strong></span> <span class='ocrx_word' id='word_1_566' title='bbox 838 3910 918 3961; x_wconf 77' lang='lat' dir='ltr'><strong>classis</strong></span> <span class='ocrx_word' id='word_1_567' title='bbox 927 3909 1017 3960; x_wconf 78' lang='lat' dir='ltr'><strong>Athen.</strong></span> <span class='ocrx_word' id='word_1_568' title='bbox 1027 3908 1054 3967; x_wconf 84' lang='lat' dir='ltr'><strong>ii,</strong></span> <span class='ocrx_word' id='word_1_569' title='bbox 1064 3913 1081 3960; x_wconf 93' lang='grc'><strong>1</strong></span> 
     </span>
    </p>
   </div>
   <div class='ocr_carea' id='block_1_12' title="bbox 708 3974 1242 4042">
    <p class='ocr_par' dir='ltr' id='par_1_21' title="bbox 708 3974 1242 4042">
     <span class='ocr_line' id='line_1_108' title="bbox 708 3974 1242 4042; baseline -0.011 -15"><span class='ocrx_word' id='word_1_570' title='bbox 708 3976 838 4028; x_wconf 85' lang='lat' dir='ltr'><strong>Corinthus</strong></span> <span class='ocrx_word' id='word_1_571' title='bbox 848 3991 862 4025; x_wconf 86' lang='lat' dir='ltr'><strong>a</strong></span> <span class='ocrx_word' id='word_1_572' title='bbox 872 3983 973 4042; x_wconf 70' lang='lat' dir='ltr'><strong>tyranno</strong></span> <span class='ocrx_word' id='word_1_573' title='bbox 983 3974 1094 4024; x_wconf 87' lang='lat' dir='ltr'><strong>liberatur</strong></span> <span class='ocrx_word' id='word_1_574' title='bbox 1109 3990 1149 4032; x_wconf 82' lang='lat' dir='ltr'><strong>xx,</strong></span> <span class='ocrx_word' id='word_1_575' title='bbox 1159 3978 1173 4023; x_wconf 86' lang='lat'>1</span> <span class='ocrx_word' id='word_1_576' title='bbox 1190 3986 1242 4021; x_wconf 88' lang='lat' dir='ltr'><strong>eam</strong></span> 
     </span>
    </p>
   </div>
   <div class='ocr_carea' id='block_1_13' title="bbox 745 4039 1243 4432">
    <p class='ocr_par' dir='ltr' id='par_1_22' title="bbox 745 4039 1243 4432">
     <span class='ocr_line' id='line_1_109' title="bbox 745 4039 1243 4158; baseline -0.022 -1"><span class='ocrx_word' id='word_1_577' title='bbox 745 4040 1000 4157; x_wconf 45' lang='lat' dir='ltr'><strong>Quffiecddderldl}</strong></span> <span class='ocrx_word' id='word_1_578' title='bbox 1004 4039 1243 4158; x_wconf 51' lang='lat' dir='ltr'><strong>oArngrzllraellumnrlrlr’ii‘,</strong></span> 
     </span>
     <span class='ocr_line' id='line_1_110' title="bbox 746 4164 1243 4229; baseline -0.022 -6"><span class='ocrx_word' id='word_1_579' title='bbox 746 4178 761 4223; x_wconf 78' lang='lat' dir='ltr'><strong>d</strong></span> <span class='ocrx_word' id='word_1_580' title='bbox 790 4171 937 4223; x_wconf 81' lang='lat' dir='ltr'><strong>Corinthium</strong></span> <span class='ocrx_word' id='word_1_581' title='bbox 955 4170 1042 4220; x_wconf 87' lang='lat' dir='ltr'><strong>bellum</strong></span> <span class='ocrx_word' id='word_1_582' title='bbox 1058 4169 1121 4217; x_wconf 89' lang='lat' dir='ltr'><strong>uude</strong></span> <span class='ocrx_word' id='word_1_583' title='bbox 1137 4164 1243 4229; x_wconf 80' lang='lat' dir='ltr'><strong>appelln-</strong></span> 
     </span>
     <span class='ocr_line' id='line_1_111' title="bbox 746 4230 1242 4303; baseline -0.018 -18"><span class='ocrx_word' id='word_1_584' title='bbox 746 4245 806 4295; x_wconf 85' lang='lat' dir='ltr'><strong>tum,</strong></span> <span class='ocrx_word' id='word_1_585' title='bbox 816 4237 875 4285; x_wconf 88' lang='lat' dir='ltr'><strong>ibid.</strong></span> <span class='ocrx_word' id='word_1_586' title='bbox 891 4236 1021 4303; x_wconf 86' lang='lat' dir='ltr'><strong>(Diodoro,</strong></span> <span class='ocrx_word' id='word_1_587' title='bbox 1039 4231 1171 4288; x_wconf 63' lang='lat' dir='ltr'><strong>Pausania,</strong></span> <span class='ocrx_word' id='word_1_588' title='bbox 1182 4230 1242 4288; x_wconf 85' lang='lat' dir='ltr'><strong>aliis,</strong></span> 
     </span>
     <span class='ocr_line' id='line_1_112' title="bbox 747 4295 1243 4366; baseline -0.024 -13"><span class='ocrx_word' id='word_1_589' title='bbox 747 4302 849 4363; x_wconf 65' lang='lat' dir='ltr'><strong>almum</strong></span> <span class='ocrx_word' id='word_1_590' title='bbox 870 4297 1035 4366; x_wconf 73' lang='lat' dir='ltr'><strong>lioperdrnrtds.)</strong></span> <span class='ocrx_word' id='word_1_591' title='bbox 1047 4295 1161 4347; x_wconf 83' lang='lat' dir='ltr'><strong>corinthii</strong></span> <span class='ocrx_word' id='word_1_592' title='bbox 1178 4307 1243 4359; x_wconf 77' lang='lat' dir='ltr'><strong>‘snrpc</strong></span> 
     </span>
     <span class='ocr_line' id='line_1_113' title="bbox 747 4362 1178 4432; baseline -0.016 -14"><span class='ocrx_word' id='word_1_593' title='bbox 747 4368 823 4432; x_wconf 71' lang='lat' dir='ltr'><strong>adjuti</strong></span> <span class='ocrx_word' id='word_1_594' title='bbox 832 4366 1001 4432; x_wconf 74' lang='lat' dir='ltr'><strong>Dionysiorum</strong></span> <span class='ocrx_word' id='word_1_595' title='bbox 1012 4362 1097 4427; x_wconf 84' lang='lat' dir='ltr'><strong>opibus</strong></span> <span class='ocrx_word' id='word_1_596' title='bbox 1112 4377 1150 4419; x_wconf 82' lang='lat' dir='ltr'><strong>xa,</strong></span> <span class='ocrx_word' id='word_1_597' title='bbox 1162 4366 1178 4411; x_wconf 87' lang='grc'><strong>1</strong></span> 
     </span>
    </p>
   </div>
   <div class='ocr_carea' id='block_1_14' title="bbox 0 0 1512 4875">
    <p class='ocr_par' dir='ltr' id='par_1_23' title="bbox 0 0 1512 4875">
     <span class='ocr_line' id='line_1_114' title="bbox 0 0 1512 4875; baseline 0 0"><span class='ocrx_word' id='word_1_598' title='bbox 0 0 1512 4875; x_wconf 95' lang='lat' dir='ltr'><strong> </strong></span> 
     </span>
    </p>
   </div>
  </div>
 </body>
</html>
